1747 3120
194 179 318 210 xv111

194 273 375 323 afferre,
407 287 464 314 ex
497 272 730 324 utriusque
752 268 1086 325 comparatione
1118 270 1232 312 facta
1257 286 1385 327 saepe
1412 270 1624 313 intellexi.

193 344 350 399 Neque
369 352 519 384 tamen
550 341 729 381 illorum
761 341 961 382 virorum
988 354 1122 381 curae
1153 346 1297 382 totum
1330 349 1557 383 auctorem
1588 348 1631 381 et

195 429 250 455 ex
280 413 487 456 omnibus
513 410 714 466 partibus
747 412 1123 468 complectuntur,
1171 409 1247 450 sed
1278 417 1449 453 tantum
1475 411 1630 453 selecta

194 485 339 540 aliqua
362 484 458 524 loca
478 481 700 538 plerisque
730 482 900 523 omissis
925 482 1169 537 attingunt,
1199 493 1343 534 neque
1360 482 1630 538 antiquiores

194 554 289 596 illas
310 560 351 593 et
376 553 542 607 primas
564 554 910 605 consuluerunt,
941 568 966 594 a
997 552 1156 609 quibus
1184 550 1472 600 recentiores,
1510 553 1630 608 quod

196 625 331 670 solet,
364 623 411 664 in
436 623 776 680 repetitionibus
799 623 1045 665 verborum
1067 631 1111 666 et
1126 623 1363 665 nominum
1385 623 1631 679 typotheta-

194 709 298 736 rum
323 693 587 749 negligentia
610 695 916 745 deflexerunt,
957 694 1024 735 uti
1043 693 1088 735 in
1114 694 1227 735 notis
1244 693 1406 750 passim
1428 692 1633 735 indicavi.

200 766 317 808 Hinc
337 764 503 807 factum
528 773 607 816 est,
639 774 689 807 ut
710 766 793 808 alia
812 766 1090 808 emendanda
1109 766 1352 816 censerent,
1383 779 1497 820 quae
1515 772 1634 805 recte

195 836 302 878 olim
330 851 535 891 expressa
557 844 707 887 erant,
749 837 887 879 veluti
913 851 1010 893 cap.
1030 836 1127 879 VII.
1158 850 1445 892 supremum,
1482 851 1518 876 c.
1538 834 1632 877 XV.

203 907 564 964 ΡεΙοΡροηηεεὶ,
595 924 630 949 c.
656 908 796 951 XXV.
820 907 1034 965 partibas
1052 919 1134 956 --;
1166 907 1249 947 alia
1270 921 1427 948 manca
1452 913 1495 947 et
1521 905 1637 946 male

201 980 362 1019 omissa
387 979 797 1034 reprehenderent,
830 994 940 1034 quae
961 978 1296 1035 typothetarum
1317 978 1448 1033 culpa
1467 974 1635 1017 excide-

198 1058 322 1100 rant,
354 1049 476 1090 cuius
502 1050 672 1103 insigne
692 1059 758 1091 est
778 1051 1035 1105 exemplum
1057 1050 1106 1090 in
1126 1049 1269 1104 capite
1292 1049 1462 1090 ultimo.
1494 1047 1636 1089 Nem-

196 1135 277 1176 pe,
309 1120 426 1173 quod
453 1121 648 1168 mireris,
682 1121 877 1173 neglecta
900 1134 1080 1175 prorsus
1099 1120 1292 1159 editione
1313 1118 1458 1171 prima
1481 1123 1636 1157 aucto-

199 1191 258 1231 ris
287 1190 422 1229 nostri
450 1195 571 1233 1638.
596 1195 659 1232 12.
688 1190 978 1230 reddiderunt
997 1196 1256 1243 sequentem
1283 1190 1405 1231 1655.
1427 1192 1492 1233 8..
1522 1200 1637 1241 quae

197 1276 219 1301 a
248 1261 390 1316 prima
420 1260 493 1300 illa
515 1261 727 1300 inmunis
753 1260 862 1300 locis
890 1258 1105 1309 desciscit,
1146 1266 1187 1299 et
1216 1259 1289 1299 vel
1322 1259 1528 1300 immutat
1553 1257 1638 1298 ali—-

194 1345 280 1385 qua
297 1363 311 1380 ,
345 1331 415 1370 vet
439 1331 627 1380 omittit,
659 1330 774 1385 quod
799 1345 852 1370 ex
876 1329 989 1370 notis
1006 1329 1181 1384 intelligi
1205 1336 1363 1385 potest.
1404 1328 1470 1369 Ita
1487 1327 1638 1378 etiam,

198 1416 332 1454 quam
358 1409 644 1457 praeponunt
673 1401 801 1441 hodie
826 1399 1147 1456 praefationem
1174 1398 1405 1449 salmasii,
1441 1398 1638 1454 repetie-

195 1478 301 1513 runt
320 1486 374 1512 ex
394 1471 549 1513 eadem
585 1472 777 1514 editione
802 1475 932 1517 1655,
966 1486 1069 1513 cum
1092 1470 1240 1527 prima
1260 1470 1314 1510 sit
1341 1477 1385 1510 et
1411 1484 1520 1510 vera
1545 1469 1638 1510 sola

195 1541 422 1592 salmasii,
451 1557 586 1598 quam
610 1543 730 1584 dedit
755 1551 905 1598 postea
926 1544 1050 1585 1657.
1082 1540 1185 1591 etsi,
1226 1540 1263 1582 si
1292 1540 1526 1582 exordium
1555 1554 1631 1581 ex-

197 1612 356 1668 cipias,
388 1627 550 1668 parum
575 1613 808 1668 discrepat.
869 1613 1007 1653 Porro
1029 1617 1134 1652 sunt
1154 1609 1261 1658 alia,
1291 1624 1429 1665 quae,
1460 1609 1537 1651 etsi
1562 1625 1637 1650 re-

194 1690 263 1724 cte
289 1683 583 1724 restituerunt
604 1683 648 1724 in
668 1683 786 1725 notis
807 1682 891 1724 viri
914 1681 1055 1732 docti,
1078 1680 1140 1722 ita
1160 1688 1309 1722 tamen
1327 1681 1417 1733 jam
1435 1679 1638 1736 legeban-

200 1761 273 1796 tur
294 1754 342 1795 in
364 1754 560 1796 editione
586 1759 708 1800 1657.
734 1761 820 1804 12.,
854 1753 993 1794 veluti
1022 1767 1116 1808 cap.
1141 1751 1262 1794 XXI.
1320 1750 1466 1794 Larte
1491 1751 1638 1793 'I'olu-

196 1825 334 1868 nmio.
392 1824 546 1867 Tacite
569 1826 689 1868 enim
714 1827 842 1883 plura
868 1824 1048 1866 exhibet
1064 1822 1138 1864 illa
1166 1821 1323 1872 editio,
1361 1836 1472 1877 quae
1492 1822 1637 1878 prima

195 1896 392 1951 ignorat,
423 1910 570 1950 neque
586 1904 736 1938 tamen
761 1904 924 1938 certam
949 1895 1091 1949 legem
1118 1901 1162 1935 et
1183 1894 1401 1935 rationem
1425 1893 1634 1947 sequitur.

198 1969 262 2010 Ita
289 1982 383 2023 cap.
406 1968 499 2010 VII.
525 1982 607 2023 pro
626 1967 863 2010 Abimtam
890 1967 963 2006 dat
983 1964 1201 2021 Al›yl‹1m;
1242 1979 1338 2021 cap.
1361 1964 1482 2006 XIX.
1509 1963 1637 2005 exei-

196 2045 342 2088 taret,
384 2038 654 2092 interfectus
687 2046 779 2084 est,
822 2038 935 2078 male
978 2051 1058 2091 pro
1094 2035 1367 2086 excitarent,
1408 2034 1637 2091 interfecti

195 2115 321 2157 smlt3
353 2123 446 2164 cap.
479 2109 588 2151 XIX.
620 2109 897 2151 deservierat
924 2122 1006 2163 pro
1027 2106 1301 2147 deseruerat.
1361 2105 1446 2147 Sed
1478 2113 1522 2146 et
1539 2105 1637 2161 ipsa

197 2180 365 2222 omittit
395 2195 573 2221 versum
610 2180 737 2222 illum
776 2181 997 2234 integrum
1030 2192 1124 2233 cap.
1143 2178 1192 2218 L.
1270 2177 1563 2219 Accesserant
1589 2175 1637 2216 in

200 2251 360 2292 nostris
380 2250 649 2292 editionibus
668 2251 781 2293 aliae
800 2250 1014 2305 quaedam
1037 2248 1176 2299 labes,
1207 2262 1319 2302 quae
1341 2262 1398 2289 ex
1418 2246 1634 2289 Dukeria·

200 2337 255 2364 na
278 2322 472 2363 editione
494 2322 688 2363 secunda
708 2322 1010 2363 defluxerunt.
1069 2319 1140 2360 Sic
1158 2334 1250 2374 cap.
1275 2319 1350 2361 XI.
1371 2318 1487 2359 male
1505 2316 1636 2358 hodie

197 2407 300 2435 cum
326 2392 398 2434 illa
431 2391 646 2434 omittunt
676 2393 840 2435 minus.
908 2390 1140 2449 Quaedam
1176 2398 1327 2432 tamen
1360 2391 1451 2444 jam
1476 2389 1636 2431 Duke-

199 2463 324 2505 riana
355 2463 489 2504 editio
523 2463 645 2520 prior
682 2465 798 2505 male
828 2463 1039 2513 obtrusit,
1088 2477 1200 2515 quae
1237 2460 1505 2516 antiquiores
1543 2475 1634 2502 non

198 2542 464 2590 agnoscunt,
496 2541 544 2574 ut
573 2549 664 2590 cap.
690 2533 759 2576 IX.
793 2532 843 2578 τὸ
876 2542 919 2576 et
954 2542 1057 2576 ante
1086 2532 1256 2575 Rhodi.
1315 2532 1633 2575 Gratissimum

201 2606 332 2659 igitur
354 2604 455 2645 fecit
472 2604 543 2647 .Ῑο.
579 2609 697 2662 Aug.
719 2604 994 2658 Muellerus,
1034 2603 1217 2647 Scholae
1246 2602 1503 2646 Electoralis
1520 2601 1634 2643 Mis-

201 2676 346 2717 nensis
368 2675 633 2728 [Tzclmckiz
654 2675 696 2717 b.
726 2675 891 2716 scilicet
922 2680 1137 2732 tempore]
1169 2676 1330 2718 Rector
1356 2682 1398 2717 et
1427 2672 1635 2715 doctissi-

201 2761 301 2787 mus
321 2753 364 2786 et
384 2745 691 2801 dignissimus,
723 2746 841 2800 quod
869 2761 923 2787 ex
943 2746 1127 2788 libraria
1157 2763 1234 2789 sua
1253 2743 1517 2802 supellectile
1543 2758 1633 2785 me-

202 2831 304 2858 cum
327 2816 517 2872 primam
541 2817 664 2859 illam
685 2816 886 2861 Salmasii
915 2818 1151 2861 editionem
1173 2816 1488 2860 humanissime
1509 2830 1632 2857 com-
