1747 3120
691 150 815 182 CA-P.
852 148 989 181 vall.
1254 147 1259 171 Υ
1455 142 1526 185 '41

0 243 2 255 '
52 224 56 225 ⁷
94 222 483 296 Argonautarum,
528 247 574 284 et
601 238 891 298 gubernaculi
927 239 1110 283 brachia
1133 240 1202 296 ³⁵)
1224 240 1424 284 calculus
1458 241 1528 297 ³⁶),

95 501 147 535 Es
174 513 252 536 war
281 514 346 537 aus
375 503 537 541 Fichten,
559 516 646 538 vom
672 500 952 553 Berge-Pelion
985 501 1132 545 gebaut.
1190 483 1532 544 Nacli-der'Riick-

95 558 188 594 kehr
208 572 282 594 von
300 561 450 595 Kolchis
470 561 541 594 soll
558 572 594 595 es
618 561 788 595 Minerva
804 566 917 594 unter
935 559 993 592 die
1013 560 1185 593 Gestirne
1205 554 1362 592 versetzt
1375 558 1508 592 haben.

186 640 254 683 35)
279 641 475 674 Tzschucke
497 640 662 681 versteht
683 647 789 675 unter
814 640 978 673 brachia:
1011 637 1257 682 gubernaculi
1284 623 1412 683 ansae,
1448 638 1534 683 qui-

28 725 42 734 .-
95 696 166 731 hus
188 691 411 742 preliensum
440 699 640 742 regebatur
667 697 920 740 commodius,
962 695 1090 740 quales
1116 696 1266 740 proprie
1291 703 1396 729 erant
1429 695 1533 737 clavi,

98 761 136 788 et
155 767 175 788 a
194 755 322 788 Servio
349 754 394 787 ad
419 754 520 799 Virg.
543 756 632 788 Aen.
655 757 707 798 V,
736 762 812 795 177.
846 755 962 788 fustes
983 753 1321 797 gubernaculorum
1342 753 1535 798 explican-

95 816 176 853 tur3
196 814 326 857 pinnae
348 813 460 845 etiam
486 812 628 856 passim
653 811 841 847 dicuntur.
883 810 1056 856 Egphcat
1079 810 1150 843 ista
1171 810 1367 853 Sclzqffcrus
1390 813 1440 844 De
1459 810 1535 843 Mi-

95 867 176 902 litia
195 868 328 902 Navali
349 870 406 911 11,
432 874 464 908 5.
490 881 527 914 p.
546 875 624 909 245.
638 895 648 912 ‚
673 869 735 902 ubi
758 880 798 901 ex
818 879 966 913 gemma
989 879 1199 913 expressam
1219 868 1330 901 habes
1350 868 1534 912 guberna-

97 925 171 958 culi
203 927 379 972 speciem.
425 928 511 961 Duo
540 934 664 960 autem
688 926 862 971 habuisse
897 929 1016 970 Argo,
1060 926 1231 959 dextrum
1260 930 1298 959 et
1329 924 1532 971 sinistrum,

94 981 252 1017 discitur
269 994 310 1016 ex
329 984 587 1028 Hyginofab.
604 984 701 1018 XIV.
729 990 818 1017 extr.
849 990 886 1016 et
905 983 1044 1029 Poetic.
1071 984 1219 1018 Astron.
1238 983 1314 1020 111,
1329 987 1394 1021 ,36-
1433 982 1534 1015 aliis·

95 1051 188 1084 que,
225 1053 311 1074 cum
338 1040 492 1073 omnino
521 1043 678 1083 majores
707 1051 816 1073 naves
849 1052 926 1074 non
958 1040 1030 1073 duo
1060 1041 1203 1082 solum,
1243 1038 1307 1072 sed
1338 1038 1412 1072 tria
1442 1038 1532 1072 adeo

97 1103 306 1142 quatuorve
326 1097 544 1143 habuerint,
569 1104 612 1131 ut
635 1098 743 1133 docet
763 1096 961 1141 Schzff'eras
984 1109 1016 1132 c.
1041 1096 1066 1130 1.
1089 1098 1149 1140 11,
1175 1103 1207 1136 5.
1232 1102 1368 1140 p.,146.
1409 1096 1535 1141 Ipsam

96 1160 222 1188 autem
240 1157 339 1200 Argo
355 1156 532 1200 Neptuno
551 1157 663 1189 Jason
682 1154 722 1187 in
739 1154 883 1187 Isthmo
906 1154 968 1195 (ad
991 1165 1101 1198 quem
1121 1153 1256 1186 referri
1281 1153 1394 1186 etiam
1412 1159 1536 1198 potest

96 1210 251 1256 Sicyon)
273 1213 527 1256 consecravit„
552 1218 592 1246 ut
610 1212 725 1251 refert
752 1213 897 1245 Diodor.
921 1213 990 1245 Sic.
1012 1211 1082 1252 IV,
1107 1216 1183 1253 54.,
1208 1210 1313 1252 imo„
1332 1211 1433 1255 quod
1454 1211 1536 1244 vul—

97 1275 226 1313 gatum
250 1270 367 1313 magis
390 1276 464 1312 est,
490 1271 664 1303 Minerva
690 1269 789 1302 inter
820 1274 920 1301 astra
949 1266 1160 1300 collocavit.
1210 1262 1386 1300 Sorebant
1411 1273 1536 1304 autem

95 1332 233 1360 nautae
258 1326 349 1360 olim
371 1333 540 1359 temones
561 1326 600 1359 iu
626 1325 807 1366 eminenti*
828 1324 985 1369 scopulo
1011 1323 1094 1356 Diis
1119 1323 1276 1356 marinis
1302 1335 1534 1366 consecrare,

95 1383 153 1416 uti
179 1389 310 1416 narrat
338 1384 525 1416 filaximus
556 1384 634 1427 Tyr.
667 1383 778 1425 vm,
811 1386 867 1421 33.
906 1382 984 1419 in..
1029 1387 1066 1414 et
1095 1382 1352 1426 Agamemnon
1387 1381 1534 1415 clavum

94 1440 241 1474 Dianae
262 1439 463 1482 dedicavit,
489 1438 694 1472 secundum
722 1439 929 1472 callimach.
953 1439 991 1471 in
1012 1440 1117 1472 Dian.
1142 1451 1191 1472 vs.
1208 1443 1286 1476 2:29.
1326 1437 1381 1470 Ad
1406 1438 1536 1472 Phasi-

97 1497 181 1530 dem
200 1509 379 1531 ancoram
398 1498 476 1539 ejus
493 1497 651 1530 ferream
676 1502 711 1530 et
730 1497 940 1542 fragmenta
961 1508 1118 1531 ancorae
1138 1496 1307 1540 lapideae
1332 1502 1535 1540 conspecta

96 1552 214 1586 fuisse
231 1554 310 1599 legi
330 1553 369 1586 in
388 1556 533 1588 Arriani
554 1554 701 1598 Periplo
723 1554 833 1587 Ponti
858 1566 892 1598 p.
911 1559 943 1592 9.
970 1554 1025 1587 ed.
1048 1553 1224 1596 Hudson,
1258 1552 1321 1597 qui
1349 1553 1535 1598 lapideam

97 1611 283 1644 veriorem
300 1617 419 1655 putat.
465 1612 732 1655 Fragmentum
757 1617 880 1644 autem
907 1611 1023 1655 ipsius
1045 1612 1148 1646 navis
1168 1623 1234 1647 sua
1253 1618 1372 1646 aetate
1394 1615 1535 1648 Romae

98 1674 288 1702 servatum
308 1668 441 1710 fuisse,
466 1668 581 1702 tradit
600 1668 791 1700 Martialis
808 1669 893 1711 VII,
923 1675 976 1707 19.
1000 1669 1054 1704 in.

189 1748 253 1793 36)
279 1750 483 1784 Perizonius
506 1747 584 1780 will
606 1747 664 1780 die
683 1747 798 1780 Stelle
813 1758 853 1779 so
873 1749 1082 1781 verbessern
1103 1761 1112 1782 :
1142 1750 1318 1792 Calculus,
1343 1765 1439 1795 quem
1458 1755 1534 1785 Mi-

98 1819 203 1839 nerva
224 1809 348 1839 sortita
370 1813 420 1838 est
439 1807 482 1839 de
506 1805 639 1839 Oresta.
665 1804 851 1838 Muncker
870 1816 914 1838 zu
930 1806 1066 1849 Hygin.
1089 1807 1175 1843 Pal).
1189 1813 1264 1846 165.
1291 1809 1416 1842 lieset:
1445 1811 1536 1843 Ossa

100 1866 142 1897 ‹Ie
165 1864 307 1896 Orestae
332 1864 472 1896 cervice.
508 1862 584 1894 Mit
605 1861 725 1895 Recht
747 1862 893 1895 stimmt
918 1863 1113 1896 Tzachucke
1136 1865 1357 1899 Perizonius’
1382 1868 1537 1901 Verbes—

98 1931 237 1964 serung
254 1919 327 1956 hei.
371 1919 542 1952 Minerva
570 1919 672 1952 hatte
697 1920 863 1953 niimlich
890 1920 960 1953 den
985 1920 1157 1965 Orestes,
1198 1923 1253 1955 als
1281 1934 1323 1956 er
1351 1924 1445 1957 nach
1472 1926 1536 1958 der

98 1976 340 2022 Ermordung
367 1977 486 2009 seiner
514 1978 679 2018 Mutter‚
715 1977 1028 2020 Klytaemnestra‚
1071 1979 1166 2012 nach
1201 1980 1320 2013 Athen
1348 1982 1534 2026 geflohen,

98 2033 177 2067 und
205 2033 287 2066 hier
316 2033 413 2066 nach
438 2033 597 2078 Einigen
625 2044 696 2066 von
722 2034 789 2066 der
811 2034 995 2078 Erigone,
1033 2035 1097 2069 des
1124 2038 1339 2082 Aegistheus
1367 2039 1444 2072 und
1469 2040 1536 2074 der

97 2091 400 2135 Klytaemnestra
426 2090 613 2133 Tochter‚
647 2091 763 2123 seines
781 2091 1035 2126 Verbrechens
1063 2105 1190 2138 wegen
1219 2107 1288 2128 vor
1314 2096 1399 2129 dem
1424 2100 1536 2130 Areo-

97 2159 214 2193 pagus
234 2148 434 2191 angeklagt
458 2160 551 2189 war,
577 2147 889 2193 losgesprochen‚
923 2149 1047 2182 indem
1079 2151 1131 2183 sie
1157 2152 1254 2185 noch
1282 2152 1388 2186 einen
1419 2153 1535 2197 Stein,

100 2205 147 2238 da
167 2205 224 2238 die
247 2205 312 2238 der
333 2204 487 2238 Richter
507 2205 630 2251 gleich
657 2216 799 2244 waren,
824 2205 1056 2252 hinzusiigte.
1092 2208 1140 2241 So
1158 2209 1228 2241 soll
1249 2210 1423 2243 Minerva
1438 2211 1533 2245 auch

99 2262 270 2306 Audem,
304 2273 411 2295 wenn
440 2262 499 2296 die
529 2263 713 2297 Stimmen
743 2262 865 2307 gleich
894 2275 1039 2306 waren,
1076 2265 1255 2309 geholfen
1282 2266 1422 2312 haben,
1467 2269 1535 2303 wie

102 2321 271 2353 Aristides
293 2320 379 2363 (Th.
402 2321 431 2355 Ι.
456 2321 492 2356 S.
510 2327 565 2360 24.
594 2321 653 2355 od.
680 2321 717 2356 S.
742 2326 796 2360 13.
820 2321 979 2365 Ausgab.
1002 2333 1035 2357 v.
1061 2323 1181 2365 Jebb.)
1207 2324 1396 2366 bemerkt3
1422 2325 1536 2360 daher

103 2373 555 2422 βωμόςἈθηνᾱςἈρείας
572 2378 631 2412 bei
649 2381 805 2414 Pausan.
822 2379 861 2422 Ι,
885 2385 942 2417 28.
969 2390 1002 2412 u.
1026 2375 1191 2425 Ἀθηνᾶς
1212 2382 1345 2426 ψῆφος
1366 2383 1426 2416 hei
1450 2385 1534 2419 Plzi-

104 2433 243 2466 lostrar.
270 2435 327 2467 De
355 2435 449 2468 Vitis
477 2435 682 2480 Sophistar.
703 2437 762 2480 11,
787 2441 821 2475 3.
869 2436 942 2470 Die
971 2436 1086 2470 sache
1115 2439 1231 2472 selbst
1258 2439 1379 2473 haben
1405 2442 1534 2476 mehre

102 2489 280 2532 heriihrt,
313 2491 366 2523 als
399 2493 536 2525 Luc-ian
565 2494 617 2527 im
645 2493 815 2527 Piscator
828 2499 886 2531 21.
915 2493 991 2527 und
1019 2495 1199 2530 Harmon.
1227 2498 1314 2538 1V.,
1349 2499 1535 2532 Aeschvlm

102 2546 143 2580 in
162 2547 318 2580 Eumen.
347 2559 398 2583 vs.
416 2554 494 2588 737.
515 2557 617 2594 757.,
643 2551 830 2594 Euripides
853 2549 892 2582 in
919 2550 1040 2596 Iphig.
1071 2553 1182 2586 Taur.
1208 2566 1260 2588 vs.
1285 2561 1384 2594 1459.
1428 2539 1533 2590 Auch

105 2606 222 2638 Cicero
242 2616 297 2649 pr.
321 2605 457 2644 Milon,
480 2618 511 2639 c.
531 2608 596 2641 111.
625 2608 752 2641 deutet
771 2607 907 2641 darauf
923 2608 999 2642 hin.
1025 2612 1174 2644 Anstatt
1192 2611 1356 2645 calculus
1375 2612 1428 2645 las
1445 2625 1531 2646 man

102 2660 260 2694 ehedem
290 2662 474 2705 conculca,
500 2675 571 2697 von
595 2670 747 2708 Cuneus,
773 2664 811 2699 d.
831 2665 856 2699 ἱ.
884 2665 965 2712 eine
988 2671 1054 2702 Art
1080 2668 1232 2703 Becher.
1279 2669 1323 2703 In
1348 2669 1532 2704 Schellar's

101 2718 234 2766 Lexic.¹
249 2718 357 2754 sucht
378 2731 465 2756 man
487 2721 562 2756 dies
580 2723 691 2757 Wort
710 2722 921 2770 vergebenS.
