1699 3136
151 145 205 183 86
401 152 731 183 L.AMP13L11
771 152 942 183 LIBRI
979 154 1361 187 MEMORIALIS

151 240 383 283 Armenios
412 241 494 282 sub
524 256 628 297 rege
664 240 885 297 Tigrane,
914 241 1122 286 Ponticos
1154 243 1235 286 sub
1267 259 1372 302 rege
1397 245 1580 290 Mithri-

150 310 270 362 date,
304 311 460 353 Cilicas
485 312 539 363 ³⁷)
569 319 660 352 toto
682 311 796 352 mari
821 313 1125 367 dominantes,
1154 314 1274 357 infra
1295 317 1581 373 quadragesi-

150 397 274 423 mum
298 382 413 423 diem
440 381 547 423 vicit
566 381 634 435 38),
667 390 710 423 et
728 397 935 439 magnam
958 393 1133 441 partem
1157 385 1285 428 Asiae
1305 387 1423 429 inter
1444 390 1582 431 Ocea-

150 467 282 499 num,
316 451 524 509 Caspium
549 452 633 505 ³9),
661 452 956 511 Rubrumque
978 454 1175 496 victoriis
1204 455 1293 497 suis
1318 456 1582 515 triumphis-

150 538 237 580 que
268 523 531 581 peragravit.
579 524 712 580 Cajus
742 524 904 566 Caesar
925 525 1012 580 ⁴0),
1055 524 1130 580 qui
1161 524 1354 577 Gallias,
1389 527 1582 571 Germa-

148 594 332 650 niasque
350 595 406 647 ⁴¹)
426 593 611 649 subegit,
631 602 674 635 et
694 594 862 651 primus
880 595 1186 638 Romanorum
1206 596 1425 652 navigavit
1443 600 1582 641 Ocea·

149 679 259 705 num
284 664 366 719 ⁴²);
397 665 443 706 in
467 679 555 721 quo
573 665 833 707 Brittaniam
857 666 1050 720 invenit,
1081 673 1126 708 et
1150 665 1269 708 vicit.
1307 667 1451 710 Julius
1469 670 1584 712 Cae-

149 750 220 777 sar
244 735 492 790 Augustus,
523 736 599 792 qui
622 737 868 794 perpacatis
888 737 1095 780 omnibus
1121 737 1383 796 provinciis,
1412 742 1584 783 exerci-

149 813 219 847 tus
244 813 336 849 toto
358 805 466 848 orbe
487 814 710 849 terrarum
731 808 967 866 disposuit,
997 816 1042 850 et
1061 809 1315 852 Romanum
1339 809 1583 866 imperium

149 877 387 919 ordinavit.
447 878 551 920 Post
581 879 671 933 ejus
694 878 1072 922 consecrationem
1090 877 1151 934 ⁴⁴)
1182 887 1399 936 perpetua
1422 882 1584 925 Caesa-

148 962 250 990 rum
282 948 499 991 dictatura
521 951 581 1002 ⁴⁵)
611 949 878 991 dominatur.

238 1183 301 1228 37)
328 1185 405 1218 Der
430 1185 578 1231 Aufaug
611 1183 689 1219 und
723 1184 781 1218 die
814 1184 949 1230 Quelle
983 1183 1098 1218 dieses
1131 1183 1477 1230 Seeriiuberkrieges
1509 1176 1609 1220 war'

147 1241 296 1276 Kilikia.
342 1242 424 1286 Vgl.
460 1243 552 1277 Hor.
584 1242 641 1285 11,
667 1248 700 1281 2.
731 1249 783 1288 12.
808 1261 851 1266 -—
907 1242 1001 1275 Hier
1025 1253 1151 1275 waren
1176 1242 1250 1276 fast
1274 1243 1346 1276 alle
1369 1244 1487 1288 Berge
1514 1244 1586 1277 mit

147 1298 367 1332 Schlossern
392 1299 574 1341 bedeekt;
603 1300 660 1333 die
685 1288 888 1333 schiffarth
915 1311 991 1332 war
1014 1300 1237 1335 bedeutend.
1277 1300 1389 1333 Diese
1413 1301 1586 1346 dringen-

148 1355 222 1388 deu
251 1357 455 1390 Umstande
480 1357 678 1401 nothigten
704 1356 853 1389 eudlich
881 1356 938 1389 die
961 1358 1121 1400 Promer,
1155 1357 1338 1391 nachdem
1362 1357 1478 1391 sehon
1504 1370 1587 1391 vor·

146 1411 213 1444 her
249 1413 431 1446 Dolabella
462 1414 539 1446 und
573 1415 615 1447 P.
649 1412 815 1446 Seruilius
842 1415 956 1448 Vatia
991 1417 1172 1448 Isauricus
1202 1416 1272 1448 mit
1306 1414 1430 1447 Glfick
1461 1426 1585 1460 gegen

146 1469 247 1502 diese
270 1471 422 1504 Riiuber
446 1471 485 1504 in
506 1471 645 1515 Lykien
664 1470 742 1503 und
760 1470 926 1504 Isaurien
946 1471 1139 1517 gekiimpft
1164 1472 1304 1514 hatten,
1332 1471 1415 1504 dem
1432 1472 1587 1517 Pompe-

146 1527 203 1569 jus
230 1528 547 1561 unumschriinkte
575 1527 721 1560 Gewalt
745 1537 862 1571 gegen
888 1528 988 1562 diese
1012 1529 1213 1563 Seerziuber
1236 1541 1281 1562 zu
1305 1528 1499 1562 ertheilen.

239 1584 303 1629 38)
325 1585 373 1618 80
397 1584 493 1619 Flor.
518 1585 598 1628 ΙΙΙ,
620 1592 654 1624 6.
703 1586 820 1618 Cicero
845 1586 884 1617 in
911 1586 978 1620 Or.
1003 1597 1060 1630 pr.
1087 1587 1175 1630 Leg.
1201 1584 1335 1617 Manil.
1361 1596 1392 1618 c.
1414 1585 1497 1619 XII.
1522 1584 1587 1620 hat

148 1647 193 1681 49
218 1643 331 1687 Tage.

240 1699 304 1743 39)
330 1697 448 1731 Duker
481 1697 559 1731 will
594 1710 689 1730 mare
718 1697 963 1743 hinzugefiigt
995 1699 1152 1743 wissen,
1200 1698 1284 1732 weil
1306 1698 1403 1733 Flor.
1434 1700 1515 1742 III,
1551 1705 1586 1740 5.

148 1755 284 1789 ebenso
309 1755 382 1789 hat.
438 1755 521 1800 Vgl.
557 1765 637 1799 cap.
663 1755 746 1788 VII.
782 1767 817 1790 u.
844 1767 926 1800 cap.
955 1761 1014 1795 47.
1065 1758 1187 1790 Unter
1215 1757 1391 1789 Oceanum
1424 1756 1588 1791 versteht

147 1811 341 1856 Ampelius
377 1812 439 1847 das
474 1811 791 1846 mittelliindische
815 1813 923 1845 Meer
949 1812 1068 1855 (mare
1092 1814 1260 1846 internum
1286 1811 1343 1845 od.
1368 1815 1581 1846 mediterra-

148 1870 278 1911 neum).
305 1870 387 1902 Von
413 1869 484 1903 den
510 1869 676 1903 Vblkern
699 1869 827 1902 Asiens
851 1869 952 1902 zahlt
975 1870 1103 1903 mehre
1128 1870 1196 1904 auf
1214 1870 1338 1909 Vellei.
1358 1871 1407 1913 ΙΙ,
1429 1876 1485 1909 40.
1518 1873 1589 1903 Eu-

149 1934 241 1970 trop.
266 1927 338 1968 VI,
365 1932 420 1965 14.
448 1927 553 1970 (11.).
587 1926 703 1962 Aurel.
733 1928 828 1960 Vict.
857 1927 900 1959 de
925 1928 967 1960 V.
993 1928 1027 1960 J.
1053 1939 1085 1962 c.
1106 1934 1162 1971 77,
1180 1933 1213 1967 7.
1238 1926 1410 1970 „Ptimus
1429 1927 1470 1960 in
1489 1928 1587 1974 Hyr-

151 1994 308 2027 canum,
335 1984 508 2018 Rubrum
535 1990 571 2017 et
593 1984 796 2017 Arabicum
821 1995 923 2018 mare
946 1995 1063 2030 usque
1086 1984 1297 2030 pervenit.“

239 2041 303 2085 310)
328 2042 363 2074 S.
390 2042 536 2075 vor-her.

242 2099 305 2142 41)
331 2100 379 2132 Es
405 2099 532 2132 wurde
557 2098 722 2132 nachher
746 2098 786 2131 in
812 2098 875 2132 das
902 2100 998 2133 obere
1022 2098 1099 2133 und
1122 2107 1241 2133 untere
1265 2099 1495 2146 eingetheilt.

241 2157 304 2201 42)
329 2157 503 2190 Verstehe
527 2157 787 2189 Britannicum.

242 2215 305 2256 43)
331 2214 378 2247 So
405 2213 469 2247 lmt
492 2214 588 2248 auch
613 2214 672 2248 die
697 2219 793 2247 erste
819 2214 1001 2259 Ausgabe.

244 2271 307 2313 4⁴)
335 2272 401 2306 Gr.
428 2268 652 2313 ἄποθέωσις.

245 2328 306 2372 45)
333 2330 468 2363 Sur-ton.
495 2330 547 2363 im
572 2332 664 2374 Aug.
691 2340 723 2363 c.
742 2333 787 2368 52
821 2326 964 2362 scheint
988 2339 1031 2361 zu
1067 2326 1383 2371 widersprechen:
1424 2328 1588 2373 „Dicta-

148 2391 276 2427 „turam
301 2396 436 2430 magna
462 2387 497 2419 vi
522 2387 699 2420 offerente
722 2385 863 2431 populo
890 2396 988 2430 genn
1007 2384 1114 2417 nixus
1132 2405 1174 2410 —
1194 2384 1410 2429 deprecatus
1430 2389 1526 2420 est.“
1542 2406 1589 2412 —

158 2442 354 2475 Tzsclcucke
378 2443 546 2477 hemerkt
571 2444 695 2477 dabei:
724 2446 770 2476 At
793 2442 838 2476 de
862 2443 1013 2476 nomine
1037 2442 1075 2476 id
1098 2442 1258 2486 intelligi
1284 2443 1412 2487 debet,
1438 2455 1516 2477 non
1541 2444 1589 2478 de

153 2511 208 2533 re.
256 2502 399 2544 Eutrop.
430 2501 471 2545 Ι,
500 2507 553 2540 12.
580 2503 696 2545 (11.).
733 2503 943 2545 Augustum
974 2500 1042 2534 sub
1071 2500 1276 2533 dictaturae
1299 2501 1452 2534 nomine
1476 2507 1590 2546 atque

155 2556 298 2590 honore
331 2568 524 2602 regnasse,
563 2565 606 2590 ut
630 2563 849 2603 sequentes,
896 2557 998 2592 dicit.
1046 2557 1153 2591 Prius
1185 2557 1342 2599 falsum,
1389 2558 1585 2603 posteriu5‚

156 2615 257 2660 quod
282 2621 319 2649 et
342 2616 413 2648 Dio
440 2615 657 2658 confirmat,
683 2626 835 2659 verum,
859 2626 910 2650 sc.
938 2612 982 2649 de
1006 2621 1188 2660 potestate
1211 2614 1353 2652 eadem.
