1747 3120
119 146 152 177 Χ

120 249 199 283 126.
226 243 335 276 Tom.
361 241 411 274 11.
437 251 474 286 p.
498 245 579 280 784.
604 239 681 282 (ed.
706 238 867 276 Ernesti,
891 238 999 271 Tom.
1024 237 1074 273 11.
1101 249 1137 282 p.
1163 239 1272 283 449.)‚
1303 238 1486 271 Tillemont
1510 238 1550 271 iu

119 299 204 333 hist.
231 298 292 332 des
316 299 540 342 Empereurs
565 297 609 331 T.
634 297 676 330 V.
697 295 836 328 Article
854 300 909 333 22.
931 298 1047 338 p.51.‚
1075 295 1232 328 Dukerus
1254 296 1292 329 in
1313 296 1550 330 Praefatione

117 357 166 391 ad
188 357 285 390 Flor.
310 355 377 388 sub
402 355 490 396 fine,
516 352 783 387 Mazzucchelli
807 352 846 384 in
861 351 913 395 gli
932 351 1097 384 scrittori
1112 351 1267 386 d'Italia.
1288 354 1370 386 Vol.
1390 356 1418 386 Ι.
1439 355 1479 386 P.
1500 353 1548 386 ΙΙ.

118 427 156 459 p.
181 420 283 454 650.,
316 412 535 457 Adelungius
557 412 595 444 in
621 411 800 445 Zuszitzen
825 427 869 434 --
892 419 937 441 zu
961 407 1122 441 locher's
1141 408 1304 442 Lexicon
1326 411 1365 445 h.
1390 424 1450 452 v.‚
1484 411 1550 442 Sa-

117 473 198 504 xius
229 470 268 503 in
303 470 549 503 Onomastico
583 470 623 504 P.
649 470 678 502 Ι.
705 478 740 510 p.
766 471 870 507 430-,
907 464 1163 508 chrn-vdorfius
1193 464 1241 498 ad
1273 467 1482 500 Himerium
1513 477 1548 509 p.

117 534 219 570 286„
252 526 318 560 ubi
351 525 464 559 etiam
492 537 535 559 ex
569 524 820 570 superioribus
854 522 998 566 aliquos
1035 522 1231 565 modat-At,
1255 523 1364 556 iniis
1388 527 1550 557 Furetum

119 586 166 618 ad
193 582 460 627 Symmachum
483 584 527 618 V.
552 590 623 625 66„
649 593 761 627 quem
785 587 911 613 tamen
935 579 1075 613 frustra
1099 579 1184 612 adii.

205 646 246 690 2)
272 643 355 679 Vid.
380 642 434 676 ibi
458 648 537 676 not.
562 648 617 682 52.

792 713 816 768 ξ
849 719 886 758 2.

230 791 289 833 At
318 785 768 847 circumspiciendum
799 798 920 825 nunc
942 791 1025 835 est,
1057 797 1168 839 quae
1200 785 1350 826 aetatis
1372 791 1414 825 et
1437 782 1552 825 vitae

118 864 243 919 signa
274 859 465 903 afferant
495 857 568 900 alii
598 864 798 898 auctores
816 854 898 897 illis
919 869 1127 911 congrua.
1189 856 1398 913 Quorum
1423 853 1455 896 si
1485 863 1552 894 te-

119 932 325 977 stimonia
363 938 408 972 et
433 929 569 988 prisci
599 927 692 970 aevi
715 934 1009 970 monumenta
1032 926 1300 981 inquirimus
1317 957 1325 972 ,
1359 924 1554 967 occurrit

119 1004 298 1059 quidem
321 999 512 1058 Ampelii
536 1013 722 1047 nomen,
761 997 863 1049 sed,
907 1012 1010 1039 cum
1039 1011 1257 1052 nusquam
1287 996 1391 1039 libri
1422 995 1553 1037 huius

120 1074 287 1118 mentio
308 1072 477 1114 adiecta
493 1069 756 1125 reperiatur,
777 1076 928 1110 utrum
951 1068 1060 1109 illud
1079 1083 1241 1109 nomen
1255 1068 1306 1108 ad
1325 1074 1550 1108 auctorem

120 1153 346 1196 nostrum,
378 1157 434 1182 an
469 1139 523 1180 ad
547 1139 682 1179 alium
706 1137 950 1192 pertineat,
982 1152 1065 1193 pro
1087 1145 1206 1179 certo
1231 1137 1439 1179 affirmari
1462 1151 1552 1178 non

120 1222 280 1275 potest.
336 1211 473 1255 Modo
498 1209 544 1251 id
561 1208 715 1265 liquet,
745 1209 790 1250 in
810 1208 1022 1253 Romanis
1044 1208 1085 1249 id
1107 1223 1269 1250 nomen
1290 1223 1380 1250 non
1401 1207 1552 1262 incog-

119 1287 264 1329 nitum
294 1283 452 1329 fuisse,
492 1288 558 1333 et,
596 1281 630 1322 si
658 1279 755 1336 quis
791 1280 973 1338 propius
994 1280 1248 1321 coniectura
1268 1281 1323 1322 ad
1347 1289 1551 1322 nostrum

119 1357 327 1399 accedere
348 1353 470 1399 velit,
494 1367 548 1393 ex
572 1351 877 1407 Ampeliorum
897 1358 1028 1406 gente
1051 1366 1151 1392 eum
1173 1365 1263 1391 esse
1284 1351 1551 1408 eligendum,

119 1425 243 1470 cuius
289 1432 410 1465 aetas
448 1423 492 1465 in
525 1421 765 1465 Theodosii
799 1429 1004 1477 tempora
1047 1429 1090 1463 et
1118 1422 1357 1478 imperium
1385 1422 1548 1465 incidit.

121 1495 328 1538 Occurrit
358 1503 504 1537 autem
538 1495 585 1537 in
616 1493 871 1536 auctoribus
905 1493 1098 1549 Ampelii
1120 1493 1347 1535 cuiusdam
1369 1493 1548 1539 mentio,

122 1567 199 1621 qui
229 1566 525 1609 Valentiniani
569 1574 613 1607 et
650 1563 889 1608 Theodosii
921 1571 1106 1605 aetatem
1150 1565 1357 1620 proxime
1397 1561 1552 1617 attigit.

121 1642 195 1675 aut
218 1633 300 1676 illis
322 1634 408 1676 fuit
430 1636 642 1692 aequalis,
658 1635 792 1676 veluti
815 1635 859 1676 in
872 1634 1083 1677 Himerio
1106 1636 1252 1689 Eclog.
1267 1633 1426 1677 XXXI.
1446 1633 1550 1686 in.³)

119 1714 164 1747 et
185 1706 311 1747 Orat.
335 1706 462 1750 XXX
484 1709 529 1750 iu
551 1708 591 1761 ⁴)
616 1706 865 1750 Ammiano
890 1705 1168 1749 Marcellino
1189 1704 1390 1753 XXVIII,
1416 1707 1455 1746 4·
1478 1701 1552 1750 iu„

119 1779 166 1819 in
191 1778 352 1821 Codice
372 1779 696 1830 Theodosiano,
715 1777 790 1818 ubi
811 1778 1021 1820 tredecim
1040 1777 1155 1832 leges
1176 1776 1227 1818 ad
1252 1790 1355 1818 eum
1376 1779 1548 1820 extant;

120 1848 392 1905 Symmacho
423 1852 475 1898 V,
500 1855 566 1895 54.
596 1854 660 1894 64.
686 1849 805 1903 (66).
866 1850 1069 1892 Eundem
1089 1847 1218 1889 etiam
1244 1846 1461 1903 respicere
1483 1843 1553 1884 vi-

60 1956 65 1960 .
120 1919 252 1961 detur
269 1920 482 1964 Sidonius
501 1921 790 1979 Apollinaris
813 1921 961 1962 Carm.
984 1919 1061 1973 IX,
1079 1924 1173 1963 301.
1198 1918 1344 1974 (305),
1368 1915 1469 1971 quia
1492 1914 1553 1955 si·-

122 1992 218 2032 mul
259 2000 436 2047 praeter
466 1992 573 2034 alios
617 1990 838 2045 coniungit
870 1991 1203 2047 Symmachum.
1276 1988 1370 2046 Qui
1403 1987 1439 2029 si
1468 1984 1555 2027 suit

124 2062 354 2118 Ampelius
372 2072 543 2116 noster,
575 2071 624 2104 ut
643 2062 840 2110 videtur,
874 2063 1075 2119 doctique
1097 2062 1181 2104 viri
1203 2064 1268 2114 ⁵),
1301 2059 1403 2112 etsi,
1435 2057 1551 2114 quod

123 2132 169 2173 in
194 2132 260 2174 his
281 2133 375 2175 fieri
399 2134 542 2182 debet,
565 2133 659 2175 sere
682 2133 950 2182 dubitanter,
982 2135 1251 2187 existimant,
1284 2140 1413 2173 natus
1434 2137 1494 2170 est
1510 2132 1551 2179 ⁶)

125 2205 405 2256 Antiochiae,
439 2220 631 2261 quocum
652 2204 869 2246 consentit
890 2203 1037 2248 forma
1057 2205 1247 2247 nominis
1271 2203 1450 2249 Graeca,
1481 2208 1551 2240 at-

123 2289 211 2330 que
255 2275 358 2317 inde
394 2278 580 2320 Romam
614 2275 851 2325 concessit,
902 2275 979 2317 ubi
1021 2277 1075 2319 ad
1116 2290 1317 2319 summos
1362 2273 1552 2314 honores

124 2354 300 2388 evectus
331 2355 406 2389 est.
476 2348 553 2390 Ita
583 2349 738 2389 clarae
770 2353 815 2388 et
834 2346 1029 2389 illustris
1048 2345 1377 2391 recordationis
1402 2343 1552 2387 virum

123 2425 249 2459 vocat
271 2417 571 2474 Symmachus
593 2422 651 2471 ’),
686 2427 729 2461 et
763 2418 808 2460 in
843 2418 981 2461 altero
1020 2420 1117 2461 loco
1158 2419 1213 2461 (Ze
1250 2415 1551 2460 summatibus

124 2489 353 2546 quondam
373 2489 581 2531 Senatus.
642 2490 726 2532 Sed
749 2491 784 2531 si
809 2490 1000 2533 honores
1021 2491 1137 2548 ipsos
1164 2491 1321 2532 diserte
1341 2487 1551 2530 indicatos

123 2561 257 2612 velis,
303 2560 391 2603 fuit
420 2560 642 2619 magister
671 2560 930 2619 officioram
953 2564 1007 2617 ⁸),
1036 2563 1140 2605 inde
1173 2562 1238 2603 bis
1272 2559 1548 2606 Proconsul3

123 2632 350 2685 geminum
372 2632 489 2676 enim
515 2631 608 2674 eius
629 2633 990 2689 proconsulatum
1013 2639 1333 2674 commemorat
1348 2630 1550 2674 Ammia-

125 2717 230 2753 nus,
262 2704 375 2759 quod
399 2702 579 2761 quidem
598 2703 800 2745 referunt
825 2705 868 2756 9)
894 2704 948 2747 ad
970 2703 1336 2747 Proconsulatum
1358 2702 1550 2745 Achaiae
