1699 3136
1442 144 1519 184 141

99 223 430 291 cum'obscurior
453 247 536 300 ejus
565 246 616 286 sit
635 245 847 290 memoria,
878 251 964 283 tum
988 243 1142 284 accedit
1170 246 1212 282 in
1241 241 1378 294 primis
1400 243 1524 293 Nym-

96 318 211 372 phaei
229 317 294 356 hic
316 318 422 356 facta
441 316 614 364 mentio,
646 320 684 354 et
707 326 807 365 quae
825 312 882 351 ibi
902 312 1130 352 admiranda
1149 324 1239 351 cum
1259 316 1394 348 nostro
1417 324 1524 348 com-

95 392 316 426 memorant
344 385 423 423 alii.
487 383 552 422 Sic
578 381 720 421 Strabo
743 380 839 429 VII,
876 395 917 433 p.
944 394 996 420 m.
1024 383 1120 423 219.
1150 379 1304 432 (316.)
1341 377 1457 429 ponit
1483 378 1525 414 in

95 453 437 505 Apolloniatarum
459 451 605 490 finibus
626 463 706 488 non
735 449 880 500 procul
908 463 929 486 a
959 448 1120 486 flumine
1139 446 1254 492 Aoo,
1283 446 1344 484 uti
1371 451 1410 484 et
1436 458 1526 484 eum

95 523 245 559 Livius
277 521 457 570 XXXII,
486 521 527 563 5.
563 521 629 561 10.
677 516 823 569 aliique
852 522 1011 555 vocant.
1071 515 1116 553 In
1150 515 1372 552 Ptolemaeo
1405 515 1526 560 Λῶος

95 603 172 640 pro
190 584 336 636 Ἀαῖος,
368 589 436 640 qui
460 593 558 626 teste
581 585 771 624 Strabone
789 590 848 622 est
869 583 992 633 Aeas,
1019 583 1077 621 uti
1101 588 1221 620 vocat
1237 582 1339 620 Mela
1359 581 1524 632 aliique;

95 654 251 694 h.ch0.
281 656 410 707 Prope
428 654 678 707 Apolloniam
694 652 803 690 haud
826 652 968 703 procul
987 650 1240 702 aDyrrachio
1249 648 1525 702 Nymphaeum

95 723 216 762 habet
249 723 501 761 Plutarchus
529 723 571 760 in
597 721 703 758 Sulla
742 734 777 759 c.
805 724 873 762 27.
912 732 1039 772 prope
1070 718 1332 770 Epidamnum
1361 715 1523 753 Aelian.

96 790 145 828 V.
175 790 224 830 H.
243 791 357 838 XIII,
385 793 451 833 16.
496 789 548 827 Et
566 788 622 826 sic
644 788 709 826 alii
730 788 772 826 in
789 787 866 826 hoc
885 793 1018 826 tractu
1036 785 1310 839 Nymphaeum
1332 783 1525 828 referunt,

94 864 141 895 ut
170 859 254 895 Dio
289 856 403 895 Casa.
424 859 502 905 41,
532 856 599 898 45.
644 856 756 894 Plin.
775 854 855 899 III,
886 858 956 897 26.
985 852 1088 903 (23.)
1120 860 1161 891 et
1184 852 1263 892 l1oc
1290 852 1447 891 nomine
1468 850 1525 889 ibi

92 930 255 975 portum
284 930 567 962 commemorat
589 922 768 975 Appiam.
791 922 838 961 de
857 923 901 963 B.
935 922 1019 961 Ciu.
1041 922 1101 967 II,
1133 922 1199 964 59.
1223 921 1249 961 f.
1294 920 1445 959 Caesar
1475 919 1525 957 (le

92 993 136 1031 B.
169 992 251 1030 Civ.
282 992 362 1042 III,
393 996 462 1034 26.
494 992 565 1030 csr.
597 993 756 1029 Lucan.
786 989 846 1040 V,
887 993 986 1033 720.
1041 990 1119 1027 fuit
1162 989 1284 1039 igitur
1311 987 1522 1040 Apollonia

94 1060 246 1110 Illyrici
277 1058 316 1096 h.
346 1061 509 1099 Politia.
566 1058 648 1096 Jam
681 1070 781 1108 quae
813 1058 921 1108 regio
957 1058 1089 1096 vicina
1125 1057 1399 1096 Athamantiae
1432 1057 1523 1094 loco
1591 1055 1594 1058 ’

93 1126 174 1164 huc
193 1127 331 1165 referri
354 1127 559 1166 commode
582 1126 731 1177 possit,
764 1138 812 1163 ex
841 1127 920 1164 situ
947 1133 986 1164 et
1010 1127 1216 1164 literarum
1246 1125 1434 1163 affinitate
1461 1125 1525 1163 vi-

95 1195 268 1233 dendum
289 1201 359 1233 est.
389 1195 601 1243 mmm,
633 1198 701 1236 26.
726 1193 847 1245 (23.)
880 1195 954 1231 col.
984 1195 1043 1243 II,
1078 1198 1158 1236 110
1190 1192 1336 1246 (107.)
1367 1192 1523 1230 accolas

94 1263 190 1300 facit
216 1263 436 1312 AmanteS,
480 1269 518 1301 et
548 1262 765 1300 Amantiam
796 1263 837 1299 in
867 1261 947 1300 hoc
977 1268 1109 1300 tractu
1136 1262 1348 1300 ostendunt
1378 1261 1525 1311 Scylax

93 1345 131 1382 p.
153 1345 205 1370 m.
230 1335 296 1373 22.
322 1338 360 1369 ct
383 1333 473 1376 25..
503 1330 574 1367 ubi
599 1331 761 1381 Illyrico
792 1330 994 1381 attribuit,
1024 1330 1191 1370 Ptolem.
1213 1330 1290 1375 ΙΙΙ,
1325 1333 1390 1371 13.
1434 1330 1524 1366 Sle-

86 1398 215 1448 phari.
246 1397 286 1436 h.
317 1411 377 1443 v.‚
417 1398 486 1449 qui
513 1399 682 1436 vicinam
711 1398 806 1435 facit
835 1398 956 1436 Orico
989 1405 1027 1436 et
1051 1399 1260 1450 Corcyrae.
1315 1399 1380 1436 Sic
1402 1398 1525 1448 igitur

91 1465 293 1501 Amantia
313 1466 456 1516 reponi
485 1466 633 1516 possit,
663 1478 766 1516 quae
800 1479 883 1503 vox
914 1480 934 1503 a
965 1467 1126 1517 vulgata
1156 1467 1328 1505 lectione
1356 1467 1524 1518 propius

93 1530 207 1567 etiam
228 1527 391 1565 recedit.
438 1528 517 1564 Sed
537 1531 745 1564 videamus
764 1533 942 1569 breviter
962 1533 1010 1570 da
1029 1535 1251 1573 Atintania
1267 1535 1524 1573 Beckmanni.

91 1594 346 1634 Macedoniae
378 1607 462 1631 eam
495 1600 649 1645 partem
679 1594 777 1631 facit
807 1596 1033 1646 Stephanus
1060 1596 1102 1636 h.
1134 1612 1173 1636 v.
1209 1604 1280 1638 etsi
1312 1616 1383 1639 suo
1415 1616 1525 1641 more

91 1662 244 1712 laxius,
273 1661 337 1698 vel
357 1661 388 1697 si
407 1662 551 1710 mavis,
585 1675 702 1700 sensu
721 1662 849 1709 civili,
883 1663 931 1701 (le
951 1677 1029 1714 quo
1052 1679 1161 1705 mox.
1199 1667 1406 1707 Atintanos
1429 1645 1525 1720 {gen—

92 1737 171 1777 tem
192 1728 432 1780 Epiroticam
460 1728 558 1766 dicit
588 1730 752 1767 Tzetzes
779 1730 828 1768 ad
855 1731 1111 1783 Lycophron.
1141 1747 1180 1773 v.
1207 1738 1316 1778 1044
1347 1735 1440 1789 (etsi
1468 1739 1524 1776 ibi

92 1798 194 1836 male
217 1796 337 1846 vulgo
358 1791 568 1844 Ἀτιτάνοι,
600 1803 646 1834 ut
667 1797 760 1835 alibi
783 1798 823 1836 in
849 1799 960 1837 libris
985 1799 1167 1853 Thucyd.
1194 1803 1253 1853 II,
1284 1802 1394 1858 80),
1425 1806 1523 1858 Illy-

90 1865 215 1904 ricam
237 1863 402 1914 Appian.
434 1864 482 1902 (le
502 1863 634 1902 Rebus
654 1865 765 1916 Illyr.
797 1880 831 1905 c.
855 1867 938 1907 VII.
965 1868 1067 1908 VIII.
1101 1877 1140 1908 et
1165 1871 1221 1909 sic
1247 1873 1311 1910 alii
1332 1879 1400 1912 aut
1423 1875 1521 1926 Epi-

90 1933 187 1971 rotis
210 1938 278 1969 aut
298 1932 443 1982 Illyriis
468 1931 710 1972 adscribunt.
749 1934 906 1986 Illyridi
924 1936 1076 1975 vicinos
1099 1938 1194 1977 facit
1213 1941 1434 1992 Polyaenus
1450 1943 1520 1989 IV,

94 2005 158 2043 11.
183 2003 221 2042 4.
278 1999 367 2051 Ipsa
395 2000 595 2037 Atintania
619 2000 756 2051 juncta
782 2009 875 2053 post
901 2004 976 2042 fuit
998 2005 1253 2046 Macedoniae
1282 2011 1519 2049 occidentali

92 2083 182 2107 cum
209 2067 483 2120 Stymphalide
514 2074 551 2106 et
575 2068 821 2118 Elimiotide,
854 2078 951 2110 teste
979 2074 1101 2112 Livio
1124 2077 1202 2121 45,
1234 2082 1300 2121 30.
1321 2082 1378 2124 6.,
1411 2081 1517 2119 unde

89 2137 188 2174 situs
207 2136 371 2186 intelligi
396 2142 527 2187 potest
543 2150 681 2174 versus
712 2152 819 2177 mare
840 2140 1007 2179 Jonium.
1053 2143 1097 2180 In
1125 2144 1359 2184 Ambraciae
1387 2155 1516 2186 autem

88 2204 232 2242 vicinia
253 2210 296 2241 ut
325 2204 445 2242 fuisse
472 2204 678 2243 credamus
706 2207 844 2245 suadet
866 2208 1030 2260 Appian.
1059 2211 1099 2248 in
1122 2215 1211 2263 Syr.
1245 2228 1276 2253 0.
1299 2215 1422 2255 XVH.
1451 2218 1517 2255 vel

89 2271 223 2309 Livius
246 2275 321 2316 36,
355 2274 420 2313 14.
470 2272 658 2319 Accedit,
691 2275 796 2313 unde
831 2277 942 2314 color
968 2278 1190 2318 induci.illi
1221 2283 1400 2334 opinioni
1420 2299 1517 2336 pos—

90 2338 165 2386 sit,
207 2338 316 2389 quod
342 2340 564 2378 Atintania
598 2347 637 2380 et
672 2343 933 2382 Athamania
967 2347 1101 2385 eodem
1133 2349 1252 2387 modo
1282 2353 1516 2391 commutari

90 2406 340 2444 observatum
367 2413 446 2453 est,
476 2410 602 2447 veluti
620 2410 660 2448 in
684 2412 795 2450 Livio
814 2417 892 2458 27,
922 2417 988 2457 30.
1024 2418 1087 2457 13.
1110 2438 1167 2444 —
1219 2418 1396 2470 Denique
1416 2423 1516 2473 Scy-

88 2475 154 2512 lax
184 2487 223 2525 p.
249 2487 300 2510 m.
327 2477 416 2517 22.‚
448 2475 516 2512 ubi
541 2477 748 2516 Atintanos
775 2479 894 2518 habet
922 2488 961 2520 et
985 2482 1236 2533 Amantinos,
1269 2486 1381 2536 illos,
1414 2501 1514 2539 quos

87 2541 248 2592 Illyrios
269 2540 384 2587 facit,
415 2541 580 2592 propius
602 2546 849 2594 Apolloniam
871 2549 1005 2599 ponit,
1036 2549 1111 2588 hos
1137 2552 1292 2602 longius
1317 2564 1511 2597 removet.

86 2608 314 2660 Impediunt
341 2615 469 2646 tamen
504 2623 568 2659 ea,
611 2625 710 2662 quae
737 2621 827 2652 ante
857 2615 905 2654 de
929 2616 1158 2656 Ambraciae
1186 2619 1330 2658 vicinia
1360 2626 1510 2671 notavi,

88 2684 126 2716 et
146 2676 376 2729 posterioris
400 2678 538 2716 aetatis
557 2683 727 2732 tempori
757 2682 877 2733 magis
908 2687 1118 2724 convenire
1146 2687 1343 2729 videntur.
1392 2692 1509 2740 Quod
