<?xml version="1.0" encoding="UTF-8"?>
<!DOCTYPE html PUBLIC "-//W3C//DTD XHTML 1.0 Transitional//EN"
    "http://www.w3.org/TR/xhtml1/DTD/xhtml1-transitional.dtd">
<html xmlns="http://www.w3.org/1999/xhtml" xml:lang="en" lang="en">
 <head>
  <title>
</title>
<meta http-equiv="Content-Type" content="text/html;charset=utf-8" />
  <meta name='ocr-system' content='tesseract 3.04.00' />
  <meta name='ocr-capabilities' content='ocr_page ocr_carea ocr_par ocr_line ocrx_word'/>
</head>
<body>
  <div class='ocr_page' id='page_1' title='image "./libermemorialis00ampeuoft_0102.png"; bbox 0 0 1747 3120; ppageno 0'>
   <div class='ocr_carea' id='block_1_1' title="bbox 187 150 1390 192">
    <p class='ocr_par' dir='ltr' id='par_1_1' title="bbox 187 150 1390 192">
     <span class='ocr_line' id='line_1_1' title="bbox 187 150 1390 192; baseline 0.002 -2"><span class='ocrx_word' id='word_1_1' title='bbox 187 150 244 190; x_wconf 87' lang='grc'><strong>76</strong></span> <span class='ocrx_word' id='word_1_2' title='bbox 425 159 470 188; x_wconf 82' lang='lat' dir='ltr'><strong>L.</strong></span> <span class='ocrx_word' id='word_1_3' title='bbox 500 157 758 189; x_wconf 81' lang='lat' dir='ltr'><strong>AMPELII</strong></span> <span class='ocrx_word' id='word_1_4' title='bbox 797 158 970 189; x_wconf 83' lang='lat' dir='ltr'>LIBRI</span> <span class='ocrx_word' id='word_1_5' title='bbox 1001 159 1390 192; x_wconf 77' lang='lat' dir='ltr'><strong>MEMORIALIS</strong></span> 
     </span>
    </p>
   </div>
   <div class='ocr_carea' id='block_1_2' title="bbox 187 247 1619 376">
    <p class='ocr_par' dir='ltr' id='par_1_2' title="bbox 187 247 1619 376">
     <span class='ocr_line' id='line_1_2' title="bbox 188 247 1619 308; baseline 0.006 -21"><span class='ocrx_word' id='word_1_6' title='bbox 188 247 347 289; x_wconf 76' lang='lat' dir='ltr'><strong>statuis</strong></span> <span class='ocrx_word' id='word_1_7' title='bbox 369 254 434 289; x_wconf 85' lang='lat' dir='ltr'><strong>est</strong></span> <span class='ocrx_word' id='word_1_8' title='bbox 453 247 715 299; x_wconf 80' lang='lat' dir='ltr'><strong>honoratus,</strong></span> <span class='ocrx_word' id='word_1_9' title='bbox 746 262 856 305; x_wconf 90' lang='lat' dir='ltr'><strong>quas</strong></span> <span class='ocrx_word' id='word_1_10' title='bbox 874 247 915 290; x_wconf 85' lang='lat' dir='ltr'><strong>ei</strong></span> <span class='ocrx_word' id='word_1_11' title='bbox 934 262 1015 305; x_wconf 87' lang='lat' dir='ltr'><strong>pro</strong></span> <span class='ocrx_word' id='word_1_12' title='bbox 1043 248 1248 292; x_wconf 75' lang='lat' dir='ltr'><strong>libertate</strong></span> <span class='ocrx_word' id='word_1_13' title='bbox 1275 259 1546 308; x_wconf 88' lang='lat' dir='ltr'><strong>posuerunt,</strong></span> <span class='ocrx_word' id='word_1_14' title='bbox 1574 252 1619 294; x_wconf 87' lang='lat' dir='ltr'><strong>in</strong></span> 
     </span>
     <span class='ocr_line' id='line_1_3' title="bbox 187 316 613 376; baseline -0.007 -16"><span class='ocrx_word' id='word_1_15' title='bbox 187 317 304 361; x_wconf 85' lang='lat' dir='ltr'><strong>facie</strong></span> <span class='ocrx_word' id='word_1_16' title='bbox 327 316 400 375; x_wconf 82' lang='lat'><strong>⁴0)</strong></span> <span class='ocrx_word' id='word_1_17' title='bbox 421 318 613 376; x_wconf 86' lang='lat' dir='ltr'><strong>publica.</strong></span> 
     </span>
    </p>
   </div>
   <div class='ocr_carea' id='block_1_3' title="bbox 765 424 1043 435">
    <p class='ocr_par' dir='ltr' id='par_1_3' title="bbox 765 424 1043 435">
     <span class='ocr_line' id='line_1_4' title="bbox 765 424 1043 435; baseline 0 2685"><span class='ocrx_word' id='word_1_18' title='bbox 765 424 1043 435; x_wconf 95' lang='lat' dir='ltr'><strong> </strong></span> 
     </span>
    </p>
   </div>
   <div class='ocr_carea' id='block_1_4' title="bbox 337 514 1464 678">
    <p class='ocr_par' dir='ltr' id='par_1_4' title="bbox 337 514 1464 678">
     <span class='ocr_line' id='line_1_5' title="bbox 741 514 1066 559; baseline 0 -2"><span class='ocrx_word' id='word_1_19' title='bbox 741 514 1066 559; x_wconf 72' lang='lat' dir='ltr'>CARXVI.</span> 
     </span>
     <span class='ocr_line' id='line_1_6' title="bbox 337 605 1464 678; baseline -0.001 -16"><span class='ocrx_word' id='word_1_20' title='bbox 337 608 689 678; x_wconf 72' lang='lat' dir='ltr'><strong>Reges</strong></span> <span class='ocrx_word' id='word_1_21' title='bbox 768 605 1464 662; x_wconf 78' lang='lat' dir='ltr'><strong><em>Macedonum.</em></strong></span> 
     </span>
    </p>
   </div>
   <div class='ocr_carea' id='block_1_5' title="bbox 178 738 1619 1506">
    <p class='ocr_par' dir='ltr' id='par_1_5' title="bbox 178 738 1619 1506">
     <span class='ocr_line' id='line_1_7' title="bbox 294 738 1619 796; baseline 0.001 -15"><span class='ocrx_word' id='word_1_22' title='bbox 294 738 558 796; x_wconf 88' lang='lat' dir='ltr'>Philippus,</span> <span class='ocrx_word' id='word_1_23' title='bbox 587 738 816 796; x_wconf 83' lang='lat' dir='ltr'><strong>Amyntae-</strong></span> <span class='ocrx_word' id='word_1_24' title='bbox 841 739 978 793; x_wconf 88' lang='lat' dir='ltr'><strong>filius,</strong></span> <span class='ocrx_word' id='word_1_25' title='bbox 1012 738 1185 796; x_wconf 86' lang='lat' dir='ltr'><strong>primus</strong></span> <span class='ocrx_word' id='word_1_26' title='bbox 1203 739 1501 782; x_wconf 84' lang='lat' dir='ltr'>Macedonum</span> <span class='ocrx_word' id='word_1_27' title='bbox 1531 740 1619 782; x_wconf 87' lang='lat' dir='ltr'>ob·-</span> 
     </span>
     <span class='ocr_line' id='line_1_8' title="bbox 182 810 1617 866; baseline 0.001 -14"><span class='ocrx_word' id='word_1_28' title='bbox 182 810 323 863; x_wconf 76' lang='lat' dir='ltr'><strong>tinuit,</strong></span> <span class='ocrx_word' id='word_1_29' title='bbox 339 811 583 853; x_wconf 84' lang='lat' dir='ltr'><strong>Thraciam</strong></span> <span class='ocrx_word' id='word_1_30' title='bbox 610 815 682 864; x_wconf 83' lang='lat'><strong>¹),</strong></span> <span class='ocrx_word' id='word_1_31' title='bbox 712 811 966 866; x_wconf 83' lang='lat' dir='ltr'><strong>redegitque</strong></span> <span class='ocrx_word' id='word_1_32' title='bbox 998 810 1045 853; x_wconf 89' lang='lat' dir='ltr'><strong>in</strong></span> <span class='ocrx_word' id='word_1_33' title='bbox 1071 825 1199 853; x_wconf 86' lang='lat' dir='ltr'><strong>suam</strong></span> <span class='ocrx_word' id='word_1_34' title='bbox 1230 819 1518 866; x_wconf 78' lang='lat' dir='ltr'><strong>potestatem3</strong></span> <span class='ocrx_word' id='word_1_35' title='bbox 1559 819 1617 860; x_wconf 85' lang='lat' dir='ltr'><strong>et,</strong></span> 
     </span>
     <span class='ocr_line' id='line_1_9' title="bbox 180 881 1617 939; baseline 0.001 -17"><span class='ocrx_word' id='word_1_36' title='bbox 180 897 280 924; x_wconf 90' lang='lat' dir='ltr'><strong>cum</strong></span> <span class='ocrx_word' id='word_1_37' title='bbox 296 882 488 923; x_wconf 82' lang='lat' dir='ltr'><strong>transire</strong></span> <span class='ocrx_word' id='word_1_38' title='bbox 511 881 557 922; x_wconf 87' lang='lat' dir='ltr'><strong>in</strong></span> <span class='ocrx_word' id='word_1_39' title='bbox 578 882 728 925; x_wconf 82' lang='lat' dir='ltr'><strong>Asiam</strong></span> <span class='ocrx_word' id='word_1_40' title='bbox 746 883 782 937; x_wconf 80' lang='lat'><strong>2)</strong></span> <span class='ocrx_word' id='word_1_41' title='bbox 805 883 959 934; x_wconf 80' lang='lat' dir='ltr'><strong>vellet,</strong></span> <span class='ocrx_word' id='word_1_42' title='bbox 991 882 1073 923; x_wconf 90' lang='lat' dir='ltr'><strong>sub</strong></span> <span class='ocrx_word' id='word_1_43' title='bbox 1095 882 1191 938; x_wconf 89' lang='lat' dir='ltr'>ipso</span> <span class='ocrx_word' id='word_1_44' title='bbox 1210 882 1311 923; x_wconf 88' lang='lat' dir='ltr'><strong>belli</strong></span> <span class='ocrx_word' id='word_1_45' title='bbox 1330 891 1547 939; x_wconf 84' lang='lat' dir='ltr'><strong>apparatu</strong></span> <span class='ocrx_word' id='word_1_46' title='bbox 1568 883 1617 925; x_wconf 86' lang='lat' dir='ltr'><strong>in</strong></span> 
     </span>
     <span class='ocr_line' id='line_1_10' title="bbox 178 952 1617 1012; baseline 0 -17"><span class='ocrx_word' id='word_1_47' title='bbox 178 953 356 995; x_wconf 83' lang='lat' dir='ltr'><strong>theatro</strong></span> <span class='ocrx_word' id='word_1_48' title='bbox 392 955 432 1007; x_wconf 79' lang='grc'><strong>3)</strong></span> <span class='ocrx_word' id='word_1_49' title='bbox 458 969 482 994; x_wconf 84' lang='lat' dir='ltr'>a</span> <span class='ocrx_word' id='word_1_50' title='bbox 504 952 716 994; x_wconf 81' lang='lat' dir='ltr'>Pausania</span> <span class='ocrx_word' id='word_1_51' title='bbox 737 960 799 994; x_wconf 88' lang='lat' dir='ltr'><strong>est</strong></span> <span class='ocrx_word' id='word_1_52' title='bbox 819 952 1091 994; x_wconf 83' lang='lat' dir='ltr'><strong>interfectus.</strong></span> <span class='ocrx_word' id='word_1_53' title='bbox 1149 954 1426 1005; x_wconf 77' lang='lat' dir='ltr'><strong>Alexander,</strong></span> <span class='ocrx_word' id='word_1_54' title='bbox 1457 955 1617 1012; x_wconf 82' lang='lat' dir='ltr'>Philip-</span> 
     </span>
     <span class='ocr_line' id='line_1_11' title="bbox 179 1023 1615 1081; baseline 0 -15"><span class='ocrx_word' id='word_1_55' title='bbox 179 1024 228 1081; x_wconf 86' lang='lat' dir='ltr'><strong>pi</strong></span> <span class='ocrx_word' id='word_1_56' title='bbox 257 1031 300 1065; x_wconf 85' lang='lat' dir='ltr'><strong>et</strong></span> <span class='ocrx_word' id='word_1_57' title='bbox 331 1024 609 1079; x_wconf 80' lang='lat' dir='ltr'>Olympiadis</span> <span class='ocrx_word' id='word_1_58' title='bbox 643 1023 785 1074; x_wconf 75' lang='lat' dir='ltr'><strong>filius,</strong></span> <span class='ocrx_word' id='word_1_59' title='bbox 830 1039 885 1064; x_wconf 83' lang='lat' dir='ltr'><strong>ex</strong></span> <span class='ocrx_word' id='word_1_60' title='bbox 916 1023 1029 1064; x_wconf 89' lang='lat' dir='ltr'><strong>urbe</strong></span> <span class='ocrx_word' id='word_1_61' title='bbox 1057 1023 1179 1064; x_wconf 87' lang='lat' dir='ltr'><strong>Pella</strong></span> <span class='ocrx_word' id='word_1_62' title='bbox 1199 1024 1482 1065; x_wconf 78' lang='lat' dir='ltr'><strong>Macedoniae</strong></span> <span class='ocrx_word' id='word_1_63' title='bbox 1514 1041 1615 1066; x_wconf 87' lang='lat' dir='ltr'><strong>cum</strong></span> 
     </span>
     <span class='ocr_line' id='line_1_12' title="bbox 180 1093 1619 1150; baseline -0.001 -13"><span class='ocrx_word' id='word_1_64' title='bbox 180 1096 472 1150; x_wconf 80' lang='lat' dir='ltr'><strong>quadraginta</strong></span> <span class='ocrx_word' id='word_1_65' title='bbox 497 1097 541 1148; x_wconf 77' lang='lat'><strong>4)</strong></span> <span class='ocrx_word' id='word_1_66' title='bbox 564 1094 758 1135; x_wconf 89' lang='lat' dir='ltr'>millibus</span> <span class='ocrx_word' id='word_1_67' title='bbox 784 1093 979 1134; x_wconf 84' lang='lat' dir='ltr'><strong>militurn</strong></span> <span class='ocrx_word' id='word_1_68' title='bbox 1001 1093 1047 1134; x_wconf 86' lang='lat' dir='ltr'><strong>in</strong></span> <span class='ocrx_word' id='word_1_69' title='bbox 1074 1093 1224 1134; x_wconf 75' lang='lat' dir='ltr'>Asiam</span> <span class='ocrx_word' id='word_1_70' title='bbox 1247 1093 1495 1145; x_wconf 80' lang='lat' dir='ltr'>transisset,</span> <span class='ocrx_word' id='word_1_71' title='bbox 1525 1096 1619 1136; x_wconf 84' lang='lat' dir='ltr'><strong>Da-</strong></span> 
     </span>
     <span class='ocr_line' id='line_1_13' title="bbox 181 1164 1616 1223; baseline -0.002 -14"><span class='ocrx_word' id='word_1_72' title='bbox 181 1168 300 1211; x_wconf 85' lang='lat' dir='ltr'><strong>rium</strong></span> <span class='ocrx_word' id='word_1_73' title='bbox 319 1182 470 1223; x_wconf 82' lang='lat' dir='ltr'><strong>regem</strong></span> <span class='ocrx_word' id='word_1_74' title='bbox 488 1165 724 1206; x_wconf 80' lang='lat' dir='ltr'><strong>Persarum</strong></span> <span class='ocrx_word' id='word_1_75' title='bbox 745 1164 943 1220; x_wconf 85' lang='lat' dir='ltr'><strong>primum</strong></span> <span class='ocrx_word' id='word_1_76' title='bbox 965 1164 1083 1220; x_wconf 88' lang='lat' dir='ltr'><strong>apud</strong></span> <span class='ocrx_word' id='word_1_77' title='bbox 1101 1164 1348 1206; x_wconf 84' lang='lat' dir='ltr'><strong>Granicum</strong></span> <span class='ocrx_word' id='word_1_78' title='bbox 1372 1166 1412 1218; x_wconf 87' lang='lat'><strong>⁵)</strong></span> <span class='ocrx_word' id='word_1_79' title='bbox 1431 1165 1616 1218; x_wconf 86' lang='lat' dir='ltr'><strong>flumen,</strong></span> 
     </span>
     <span class='ocr_line' id='line_1_14' title="bbox 180 1235 1616 1295; baseline -0.001 -15"><span class='ocrx_word' id='word_1_80' title='bbox 180 1247 275 1280; x_wconf 87' lang='lat' dir='ltr'><strong>tum</strong></span> <span class='ocrx_word' id='word_1_81' title='bbox 306 1238 423 1295; x_wconf 78' lang='lat' dir='ltr'><strong>apud</strong></span> <span class='ocrx_word' id='word_1_82' title='bbox 455 1240 597 1277; x_wconf 67' lang='lat' dir='ltr'><strong>Issum</strong></span> <span class='ocrx_word' id='word_1_83' title='bbox 635 1235 835 1286; x_wconf 83' lang='lat' dir='ltr'>Ciliciae,</span> <span class='ocrx_word' id='word_1_84' title='bbox 879 1237 1011 1277; x_wconf 82' lang='lat' dir='ltr'><strong>tertio</strong></span> <span class='ocrx_word' id='word_1_85' title='bbox 1039 1236 1155 1291; x_wconf 86' lang='lat' dir='ltr'><strong>apud</strong></span> <span class='ocrx_word' id='word_1_86' title='bbox 1184 1236 1348 1278; x_wconf 80' lang='lat' dir='ltr'><strong>Arbela</strong></span> <span class='ocrx_word' id='word_1_87' title='bbox 1382 1239 1445 1288; x_wconf 82' lang='lat'><strong>⁶),</strong></span> <span class='ocrx_word' id='word_1_88' title='bbox 1477 1237 1616 1278; x_wconf 86' lang='lat' dir='ltr'><strong>tribus</strong></span> 
     </span>
     <span class='ocr_line' id='line_1_15' title="bbox 183 1306 1617 1366; baseline -0.003 -14"><span class='ocrx_word' id='word_1_89' title='bbox 183 1310 384 1366; x_wconf 80' lang='lat' dir='ltr'><strong>proeliiS,</strong></span> <span class='ocrx_word' id='word_1_90' title='bbox 426 1307 605 1364; x_wconf 81' lang='lat' dir='ltr'><strong>triginta</strong></span> <span class='ocrx_word' id='word_1_91' title='bbox 634 1306 836 1363; x_wconf 85' lang='lat' dir='ltr'><strong>peditum</strong></span> <span class='ocrx_word' id='word_1_92' title='bbox 866 1307 1120 1360; x_wconf 77' lang='lat' dir='ltr'><strong>legionum,</strong></span> <span class='ocrx_word' id='word_1_93' title='bbox 1163 1308 1366 1363; x_wconf 85' lang='lat' dir='ltr'><strong>equitum</strong></span> <span class='ocrx_word' id='word_1_94' title='bbox 1400 1306 1464 1346; x_wconf 88' lang='lat' dir='ltr'><strong>bis</strong></span> <span class='ocrx_word' id='word_1_95' title='bbox 1495 1307 1617 1348; x_wconf 87' lang='lat' dir='ltr'><strong>mille</strong></span> 
     </span>
     <span class='ocr_line' id='line_1_16' title="bbox 178 1377 1617 1434; baseline -0.003 -10"><span class='ocrx_word' id='word_1_96' title='bbox 178 1382 447 1424; x_wconf 79' lang='lat' dir='ltr'><strong>falcatorum</strong></span> <span class='ocrx_word' id='word_1_97' title='bbox 470 1394 711 1430; x_wconf 82' lang='lat' dir='ltr'><strong>curruum,</strong></span> <span class='ocrx_word' id='word_1_98' title='bbox 743 1377 857 1419; x_wconf 88' lang='lat' dir='ltr'>vicit.</span> <span class='ocrx_word' id='word_1_99' title='bbox 917 1378 1025 1419; x_wconf 84' lang='lat' dir='ltr'><strong>Mox</strong></span> <span class='ocrx_word' id='word_1_100' title='bbox 1051 1393 1200 1433; x_wconf 84' lang='lat' dir='ltr'><strong>regem</strong></span> <span class='ocrx_word' id='word_1_101' title='bbox 1229 1379 1272 1434; x_wconf 86' lang='lat'><strong>⁷)</strong></span> <span class='ocrx_word' id='word_1_102' title='bbox 1298 1378 1536 1429; x_wconf 87' lang='lat' dir='ltr'><strong>Indorum,</strong></span> <span class='ocrx_word' id='word_1_103' title='bbox 1571 1387 1617 1421; x_wconf 89' lang='lat' dir='ltr'><strong>et</strong></span> 
     </span>
     <span class='ocr_line' id='line_1_17' title="bbox 178 1449 1617 1506; baseline -0.004 -10"><span class='ocrx_word' id='word_1_104' title='bbox 178 1469 334 1496; x_wconf 88' lang='lat' dir='ltr'><strong>omnes</strong></span> <span class='ocrx_word' id='word_1_105' title='bbox 369 1453 498 1496; x_wconf 81' lang='lat' dir='ltr'>Asiae</span> <span class='ocrx_word' id='word_1_106' title='bbox 528 1458 674 1506; x_wconf 79' lang='lat' dir='ltr'><strong>gentes</strong></span> <span class='ocrx_word' id='word_1_107' title='bbox 704 1449 787 1491; x_wconf 89' lang='lat' dir='ltr'><strong>sub</strong></span> <span class='ocrx_word' id='word_1_108' title='bbox 818 1457 1085 1506; x_wconf 84' lang='lat' dir='ltr'><strong>potestatem</strong></span> <span class='ocrx_word' id='word_1_109' title='bbox 1117 1452 1157 1503; x_wconf 81' lang='lat'><strong>8)</strong></span> <span class='ocrx_word' id='word_1_110' title='bbox 1187 1465 1314 1491; x_wconf 82' lang='lat' dir='ltr'><strong>suam</strong></span> <span class='ocrx_word' id='word_1_111' title='bbox 1347 1449 1539 1504; x_wconf 82' lang='lat' dir='ltr'><strong>redegit,</strong></span> <span class='ocrx_word' id='word_1_112' title='bbox 1571 1459 1617 1492; x_wconf 83' lang='lat' dir='ltr'><strong>et</strong></span> 
     </span>
    </p>
   </div>
   <div class='ocr_carea' id='block_1_6' title="bbox 177 1536 456 1544">
    <p class='ocr_par' dir='ltr' id='par_1_6' title="bbox 177 1536 456 1544">
     <span class='ocr_line' id='line_1_18' title="bbox 177 1536 456 1544; baseline 0 1576"><span class='ocrx_word' id='word_1_113' title='bbox 177 1536 456 1544; x_wconf 95' lang='lat' dir='ltr'><strong> </strong></span> 
     </span>
    </p>
   </div>
   <div class='ocr_carea' id='block_1_7' title="bbox 174 1566 1613 1784">
    <p class='ocr_par' dir='ltr' id='par_1_7' title="bbox 174 1566 1613 1784">
     <span class='ocr_line' id='line_1_19' title="bbox 177 1566 1613 1612; baseline -0.011 1"><span class='ocrx_word' id='word_1_114' title='bbox 177 1583 251 1604; x_wconf 86' lang='lat' dir='ltr'><strong>von</strong></span> <span class='ocrx_word' id='word_1_115' title='bbox 277 1570 377 1605; x_wconf 89' lang='lat' dir='ltr'><strong>noch</strong></span> <span class='ocrx_word' id='word_1_116' title='bbox 401 1569 528 1608; x_wconf 85' lang='lat' dir='ltr'><strong>mehr,</strong></span> <span class='ocrx_word' id='word_1_117' title='bbox 553 1568 606 1600; x_wconf 76' lang='lat' dir='ltr'><strong>als</strong></span> <span class='ocrx_word' id='word_1_118' title='bbox 630 1572 718 1606; x_wconf 76' lang='lat'><strong>300.</strong></span> <span class='ocrx_word' id='word_1_119' title='bbox 752 1566 830 1600; x_wconf 88' lang='lat' dir='ltr'><strong>und</strong></span> <span class='ocrx_word' id='word_1_120' title='bbox 857 1568 929 1599; x_wconf 79' lang='lat' dir='ltr'><strong>Dio</strong></span> <span class='ocrx_word' id='word_1_121' title='bbox 960 1567 1218 1612; x_wconf 67' lang='lat' dir='ltr'><strong>chrysostomos</strong></span> <span class='ocrx_word' id='word_1_122' title='bbox 1241 1567 1349 1601; x_wconf 83' lang='lat' dir='ltr'><strong>Orat.</strong></span> <span class='ocrx_word' id='word_1_123' title='bbox 1378 1571 1446 1611; x_wconf 83' lang='lat'><strong>37,</strong></span> <span class='ocrx_word' id='word_1_124' title='bbox 1471 1567 1509 1600; x_wconf 85' lang='lat' dir='ltr'><strong>S.</strong></span> <span class='ocrx_word' id='word_1_125' title='bbox 1535 1573 1613 1607; x_wconf 73' lang='lat'><strong>122,</strong></span> 
     </span>
     <span class='ocr_line' id='line_1_20' title="bbox 174 1626 812 1671; baseline -0.013 -8"><span class='ocrx_word' id='word_1_126' title='bbox 174 1628 298 1663; x_wconf 87' lang='lat' dir='ltr'>Reisk.</span> <span class='ocrx_word' id='word_1_127' title='bbox 321 1638 432 1671; x_wconf 82' lang='lat' dir='ltr'>sogat</span> <span class='ocrx_word' id='word_1_128' title='bbox 449 1638 517 1660; x_wconf 89' lang='lat' dir='ltr'><strong>von</strong></span> <span class='ocrx_word' id='word_1_129' title='bbox 538 1631 626 1664; x_wconf 86' lang='lat'>1500</span> <span class='ocrx_word' id='word_1_130' title='bbox 645 1626 812 1663; x_wconf 69' lang='lat' dir='ltr'><strong>Statum,</strong></span> 
     </span>
     <span class='ocr_line' id='line_1_21' title="bbox 264 1685 695 1729; baseline -0.016 -9"><span class='ocrx_word' id='word_1_131' title='bbox 264 1685 328 1729; x_wconf 69' lang='lat'><strong>40)</strong></span> <span class='ocrx_word' id='word_1_132' title='bbox 353 1685 526 1718; x_wconf 72' lang='lat' dir='ltr'><strong>Perizon-</strong></span> <span class='ocrx_word' id='word_1_133' title='bbox 546 1685 582 1715; x_wconf 77' lang='lat' dir='ltr'><strong>in</strong></span> <span class='ocrx_word' id='word_1_134' title='bbox 600 1694 695 1717; x_wconf 81' lang='lat' dir='ltr'><strong>arce.</strong></span> 
     </span>
     <span class='ocr_line' id='line_1_22' title="bbox 762 1748 1026 1784; baseline -0.008 -1"><span class='ocrx_word' id='word_1_135' title='bbox 762 1749 881 1784; x_wconf 86' lang='lat' dir='ltr'><strong>CAP.</strong></span> <span class='ocrx_word' id='word_1_136' title='bbox 913 1748 1026 1782; x_wconf 85' lang='lat' dir='ltr'><strong>XVI.</strong></span> 
     </span>
    </p>
   </div>
   <div class='ocr_carea' id='block_1_8' title="bbox 173 1817 1613 2384">
    <p class='ocr_par' dir='ltr' id='par_1_8' title="bbox 173 1817 1613 1976">
     <span class='ocr_line' id='line_1_23' title="bbox 264 1817 1611 1868; baseline -0.004 -11"><span class='ocrx_word' id='word_1_137' title='bbox 264 1823 306 1868; x_wconf 91' lang='lat'><strong>1)</strong></span> <span class='ocrx_word' id='word_1_138' title='bbox 330 1821 485 1856; x_wconf 75' lang='lat' dir='ltr'>Damals</span> <span class='ocrx_word' id='word_1_139' title='bbox 506 1818 701 1855; x_wconf 82' lang='lat' dir='ltr'><strong>herrschte</strong></span> <span class='ocrx_word' id='word_1_140' title='bbox 726 1817 812 1851; x_wconf 86' lang='lat' dir='ltr'><strong>dort</strong></span> <span class='ocrx_word' id='word_1_141' title='bbox 834 1818 1099 1862; x_wconf 82' lang='lat' dir='ltr'><strong>Kersobleptes</strong></span> <span class='ocrx_word' id='word_1_142' title='bbox 1125 1818 1221 1863; x_wconf 76' lang='lat' dir='ltr'>(Vgl.</span> <span class='ocrx_word' id='word_1_143' title='bbox 1250 1820 1398 1855; x_wconf 80' lang='lat' dir='ltr'><strong>Diodor.</strong></span> <span class='ocrx_word' id='word_1_144' title='bbox 1423 1822 1491 1854; x_wconf 79' lang='lat' dir='ltr'><strong>Sic.</strong></span> <span class='ocrx_word' id='word_1_145' title='bbox 1514 1821 1611 1865; x_wconf 83' lang='lat' dir='ltr'>XVI,</span> 
     </span>
     <span class='ocr_line' id='line_1_24' title="bbox 173 1874 1613 1926; baseline -0.006 -12"><span class='ocrx_word' id='word_1_146' title='bbox 173 1883 271 1926; x_wconf 88' lang='lat'><strong>71.),</strong></span> <span class='ocrx_word' id='word_1_147' title='bbox 298 1879 460 1913; x_wconf 81' lang='lat' dir='ltr'><strong>welcher</strong></span> <span class='ocrx_word' id='word_1_148' title='bbox 480 1879 552 1911; x_wconf 88' lang='lat' dir='ltr'><strong>den</strong></span> <span class='ocrx_word' id='word_1_149' title='bbox 570 1877 758 1910; x_wconf 83' lang='lat' dir='ltr'><strong>Athenern</strong></span> <span class='ocrx_word' id='word_1_150' title='bbox 778 1875 849 1908; x_wconf 87' lang='lat' dir='ltr'><strong>den</strong></span> <span class='ocrx_word' id='word_1_151' title='bbox 870 1874 1076 1908; x_wconf 83' lang='lat' dir='ltr'><strong>chersones</strong></span> <span class='ocrx_word' id='word_1_152' title='bbox 1102 1875 1318 1920; x_wconf 83' lang='lat' dir='ltr'><strong>abgetreten</strong></span> <span class='ocrx_word' id='word_1_153' title='bbox 1346 1876 1458 1912; x_wconf 80' lang='lat' dir='ltr'><strong>hatte.</strong></span> <span class='ocrx_word' id='word_1_154' title='bbox 1485 1878 1521 1911; x_wconf 93' lang='lat' dir='ltr'><strong>S.</strong></span> <span class='ocrx_word' id='word_1_155' title='bbox 1542 1881 1613 1911; x_wconf 65' lang='lat' dir='ltr'><strong>De-</strong></span> 
     </span>
     <span class='ocr_line' id='line_1_25' title="bbox 175 1932 952 1976; baseline -0.012 -4"><span class='ocrx_word' id='word_1_156' title='bbox 175 1939 298 1972; x_wconf 74' lang='lat' dir='ltr'>mosth.</span> <span class='ocrx_word' id='word_1_157' title='bbox 319 1938 358 1970; x_wconf 87' lang='lat' dir='ltr'><strong>in</strong></span> <span class='ocrx_word' id='word_1_158' title='bbox 380 1937 559 1969; x_wconf 80' lang='lat' dir='ltr'><strong>Aristocr.</strong></span> <span class='ocrx_word' id='word_1_159' title='bbox 585 1946 618 1976; x_wconf 83' lang='lat' dir='ltr'><strong>p.</strong></span> <span class='ocrx_word' id='word_1_160' title='bbox 640 1939 719 1973; x_wconf 86' lang='lat'>656.</span> <span class='ocrx_word' id='word_1_161' title='bbox 745 1932 801 1967; x_wconf 89' lang='lat' dir='ltr'><strong>ed.</strong></span> <span class='ocrx_word' id='word_1_162' title='bbox 827 1932 952 1968; x_wconf 80' lang='lat' dir='ltr'><strong>Reisk.</strong></span> 
     </span>
    </p>

    <p class='ocr_par' dir='ltr' id='par_1_9' title="bbox 264 1991 1160 2040">
     <span class='ocr_line' id='line_1_26' title="bbox 264 1991 1160 2040; baseline -0.01 -12"><span class='ocrx_word' id='word_1_163' title='bbox 264 1995 305 2040; x_wconf 88' lang='grc'><strong>2)</strong></span> <span class='ocrx_word' id='word_1_164' title='bbox 332 1995 459 2037; x_wconf 83' lang='lat' dir='ltr'><strong>Gegen</strong></span> <span class='ocrx_word' id='word_1_165' title='bbox 485 1993 543 2025; x_wconf 84' lang='lat' dir='ltr'><strong>die</strong></span> <span class='ocrx_word' id='word_1_166' title='bbox 568 1993 719 2026; x_wconf 61' lang='lat' dir='ltr'><strong>Persen·</strong></span> <span class='ocrx_word' id='word_1_167' title='bbox 749 1991 784 2024; x_wconf 88' lang='lat' dir='ltr'><strong>S.</strong></span> <span class='ocrx_word' id='word_1_168' title='bbox 808 1992 938 2024; x_wconf 80' lang='lat' dir='ltr'><strong>Justin.</strong></span> <span class='ocrx_word' id='word_1_169' title='bbox 967 1991 1040 2032; x_wconf 89' lang='lat' dir='ltr'><strong>IX,</strong></span> <span class='ocrx_word' id='word_1_170' title='bbox 1065 1992 1098 2027; x_wconf 83' lang='lat'><strong>5.</strong></span> <span class='ocrx_word' id='word_1_171' title='bbox 1125 1994 1160 2028; x_wconf 78' lang='lat'><strong>5.</strong></span> 
     </span>
    </p>

    <p class='ocr_par' dir='ltr' id='par_1_10' title="bbox 266 2049 1308 2097">
     <span class='ocr_line' id='line_1_27' title="bbox 266 2049 1308 2097; baseline -0.004 -13"><span class='ocrx_word' id='word_1_172' title='bbox 266 2053 307 2097; x_wconf 83' lang='lat'><strong>3)</strong></span> <span class='ocrx_word' id='word_1_173' title='bbox 332 2053 365 2086; x_wconf 91' lang='lat' dir='ltr'><strong>S.</strong></span> <span class='ocrx_word' id='word_1_174' title='bbox 391 2052 525 2085; x_wconf 69' lang='lat' dir='ltr'><strong>Justin.</strong></span> <span class='ocrx_word' id='word_1_175' title='bbox 547 2050 617 2090; x_wconf 86' lang='lat' dir='ltr'><strong>IX,</strong></span> <span class='ocrx_word' id='word_1_176' title='bbox 644 2054 676 2086; x_wconf 83' lang='lat'><strong>6.</strong></span> <span class='ocrx_word' id='word_1_177' title='bbox 702 2052 734 2085; x_wconf 80' lang='grc'><strong>3.</strong></span> <span class='ocrx_word' id='word_1_178' title='bbox 784 2049 932 2080; x_wconf 78' lang='lat' dir='ltr'><em>Diodor.</em></span> <span class='ocrx_word' id='word_1_179' title='bbox 961 2049 1031 2080; x_wconf 68' lang='lat' dir='ltr'><strong>Sit.</strong></span> <span class='ocrx_word' id='word_1_180' title='bbox 1049 2049 1154 2091; x_wconf 82' lang='lat' dir='ltr'><strong>XVI,</strong></span> <span class='ocrx_word' id='word_1_181' title='bbox 1179 2053 1237 2087; x_wconf 82' lang='lat'><strong>94.</strong></span> <span class='ocrx_word' id='word_1_182' title='bbox 1263 2067 1308 2073; x_wconf 94' lang='lat'>—</span> 
     </span>
    </p>

    <p class='ocr_par' dir='ltr' id='par_1_11' title="bbox 177 2104 1611 2212">
     <span class='ocr_line' id='line_1_28' title="bbox 267 2104 1611 2154; baseline -0.005 -12"><span class='ocrx_word' id='word_1_183' title='bbox 267 2111 307 2154; x_wconf 72' lang='lat'><strong>4)</strong></span> <span class='ocrx_word' id='word_1_184' title='bbox 333 2109 406 2144; x_wconf 86' lang='lat' dir='ltr'><strong>Die</strong></span> <span class='ocrx_word' id='word_1_185' title='bbox 430 2110 609 2152; x_wconf 85' lang='lat' dir='ltr'><strong>Truppen</strong></span> <span class='ocrx_word' id='word_1_186' title='bbox 641 2104 875 2138; x_wconf 85' lang='lat' dir='ltr'><strong>verzeichnet</strong></span> <span class='ocrx_word' id='word_1_187' title='bbox 900 2106 1047 2139; x_wconf 85' lang='lat' dir='ltr'><strong>Diodor.</strong></span> <span class='ocrx_word' id='word_1_188' title='bbox 1074 2107 1145 2137; x_wconf 83' lang='lat' dir='ltr'><strong>Sic.</strong></span> <span class='ocrx_word' id='word_1_189' title='bbox 1174 2107 1300 2147; x_wconf 83' lang='lat' dir='ltr'>XVII,</span> <span class='ocrx_word' id='word_1_190' title='bbox 1330 2111 1393 2148; x_wconf 79' lang='lat'>17,-</span> <span class='ocrx_word' id='word_1_191' title='bbox 1437 2105 1497 2139; x_wconf 82' lang='lat' dir='ltr'><strong>die</strong></span> <span class='ocrx_word' id='word_1_192' title='bbox 1520 2105 1611 2139; x_wconf 84' lang='lat' dir='ltr'>Zahl</span> 
     </span>
     <span class='ocr_line' id='line_1_29' title="bbox 177 2161 1313 2212; baseline -0.01 -10"><span class='ocrx_word' id='word_1_193' title='bbox 177 2169 310 2212; x_wconf 78' lang='lat' dir='ltr'><strong>betrllg</strong></span> <span class='ocrx_word' id='word_1_194' title='bbox 334 2172 473 2208; x_wconf 67' lang='lat'><strong>341500,</strong></span> <span class='ocrx_word' id='word_1_195' title='bbox 519 2166 566 2198; x_wconf 83' lang='lat' dir='ltr'><strong>SO</strong></span> <span class='ocrx_word' id='word_1_196' title='bbox 592 2163 665 2197; x_wconf 72' lang='lat' dir='ltr'><strong>viel</strong></span> <span class='ocrx_word' id='word_1_197' title='bbox 688 2161 789 2196; x_wconf 58' lang='lat' dir='ltr'><strong>Zi&#39;iltlt</strong></span> <span class='ocrx_word' id='word_1_198' title='bbox 813 2161 907 2194; x_wconf 82' lang='lat' dir='ltr'><strong>auch</strong></span> <span class='ocrx_word' id='word_1_199' title='bbox 934 2164 1045 2194; x_wconf 75' lang='lat' dir='ltr'><strong>Jusin.</strong></span> <span class='ocrx_word' id='word_1_200' title='bbox 1071 2163 1142 2205; x_wconf 73' lang='lat' dir='ltr'><strong>XI,</strong></span> <span class='ocrx_word' id='word_1_201' title='bbox 1168 2169 1200 2200; x_wconf 82' lang='lat'><strong>6.</strong></span> <span class='ocrx_word' id='word_1_202' title='bbox 1228 2162 1313 2198; x_wconf 78' lang='lat' dir='ltr'>Ans,</span> 
     </span>
    </p>

    <p class='ocr_par' dir='ltr' id='par_1_12' title="bbox 176 2218 1610 2325">
     <span class='ocr_line' id='line_1_30' title="bbox 267 2218 1610 2269; baseline -0.004 -11"><span class='ocrx_word' id='word_1_203' title='bbox 267 2224 307 2269; x_wconf 84' lang='lat'><strong>5)</strong></span> <span class='ocrx_word' id='word_1_204' title='bbox 334 2224 436 2257; x_wconf 64' lang='lat' dir='ltr'><strong>Mela</strong></span> <span class='ocrx_word' id='word_1_205' title='bbox 458 2225 493 2267; x_wconf 80' lang='lat' dir='ltr'><strong>I,</strong></span> <span class='ocrx_word' id='word_1_206' title='bbox 521 2229 574 2262; x_wconf 75' lang='lat'><strong>19,</strong></span> <span class='ocrx_word' id='word_1_207' title='bbox 603 2228 677 2264; x_wconf 89' lang='lat'>10.,</span> <span class='ocrx_word' id='word_1_208' title='bbox 706 2220 764 2253; x_wconf 84' lang='lat' dir='ltr'><strong>die</strong></span> <span class='ocrx_word' id='word_1_209' title='bbox 787 2218 961 2262; x_wconf 81' lang='lat' dir='ltr'><strong>folgende</strong></span> <span class='ocrx_word' id='word_1_210' title='bbox 986 2219 1163 2253; x_wconf 85' lang='lat' dir='ltr'><strong>Sehlacht</strong></span> <span class='ocrx_word' id='word_1_211' title='bbox 1184 2221 1220 2262; x_wconf 90' lang='lat' dir='ltr'><strong>I,</strong></span> <span class='ocrx_word' id='word_1_212' title='bbox 1247 2225 1302 2258; x_wconf 81' lang='lat'><strong>13.</strong></span> <span class='ocrx_word' id='word_1_213' title='bbox 1346 2218 1430 2262; x_wconf 80' lang='lat' dir='ltr'><strong>Vgl.</strong></span> <span class='ocrx_word' id='word_1_214' title='bbox 1455 2218 1514 2252; x_wconf 84' lang='lat' dir='ltr'><strong>die</strong></span> <span class='ocrx_word' id='word_1_215' title='bbox 1537 2220 1610 2252; x_wconf 93' lang='lat' dir='ltr'><strong>Be-</strong></span> 
     </span>
     <span class='ocr_line' id='line_1_31' title="bbox 176 2275 1404 2325; baseline -0.007 -9"><span class='ocrx_word' id='word_1_216' title='bbox 176 2282 450 2325; x_wconf 76' lang='lat' dir='ltr'><strong>schreihungen</strong></span> <span class='ocrx_word' id='word_1_217' title='bbox 475 2280 536 2314; x_wconf 80' lang='lat' dir='ltr'><strong>bei</strong></span> <span class='ocrx_word' id='word_1_218' title='bbox 559 2280 708 2322; x_wconf 80' lang='lat' dir='ltr'><strong>Arrian,</strong></span> <span class='ocrx_word' id='word_1_219' title='bbox 739 2277 913 2312; x_wconf 69' lang='lat' dir='ltr'><strong>Plutarch</strong></span> <span class='ocrx_word' id='word_1_220' title='bbox 937 2287 972 2313; x_wconf 87' lang='lat' dir='ltr'><strong>u.</strong></span> <span class='ocrx_word' id='word_1_221' title='bbox 997 2279 1133 2310; x_wconf 79' lang='lat' dir='ltr'><strong>Diodor</strong></span> <span class='ocrx_word' id='word_1_222' title='bbox 1157 2279 1232 2309; x_wconf 80' lang='lat' dir='ltr'><strong>dem</strong></span> <span class='ocrx_word' id='word_1_223' title='bbox 1257 2275 1404 2310; x_wconf 64' lang='lat' dir='ltr'><strong>Sikulcr.</strong></span> 
     </span>
    </p>

    <p class='ocr_par' dir='ltr' id='par_1_13' title="bbox 265 2332 1608 2384">
     <span class='ocr_line' id='line_1_32' title="bbox 265 2332 1608 2384; baseline -0.005 -12"><span class='ocrx_word' id='word_1_224' title='bbox 265 2340 305 2384; x_wconf 83' lang='lat'><strong>6)</strong></span> <span class='ocrx_word' id='word_1_225' title='bbox 333 2339 400 2372; x_wconf 84' lang='lat' dir='ltr'><strong>Gr.</strong></span> <span class='ocrx_word' id='word_1_226' title='bbox 415 2336 588 2384; x_wconf 60' lang='grc' dir='ltr'><strong><em>Ἄρβηλα,</em></strong></span> <span class='ocrx_word' id='word_1_227' title='bbox 621 2349 684 2371; x_wconf 82' lang='grc' dir='ltr'><strong>ων.</strong></span> <span class='ocrx_word' id='word_1_228' title='bbox 717 2334 863 2368; x_wconf 82' lang='lat' dir='ltr'><strong>Andere</strong></span> <span class='ocrx_word' id='word_1_229' title='bbox 890 2333 1011 2367; x_wconf 81' lang='lat' dir='ltr'><strong>haben</strong></span> <span class='ocrx_word' id='word_1_230' title='bbox 1036 2333 1116 2366; x_wconf 86' lang='lat' dir='ltr'><strong>hier</strong></span> <span class='ocrx_word' id='word_1_231' title='bbox 1140 2333 1337 2378; x_wconf 64' lang='lat' dir='ltr'><strong>Gagamelw</strong></span> <span class='ocrx_word' id='word_1_232' title='bbox 1369 2332 1526 2377; x_wconf 85' lang='lat' dir='ltr'><strong>(penult.</strong></span> <span class='ocrx_word' id='word_1_233' title='bbox 1557 2333 1608 2378; x_wconf 84' lang='grc' dir='ltr'><strong>η).</strong></span> 
     </span>
    </p>
   </div>
   <div class='ocr_carea' id='block_1_9' title="bbox 173 2391 1610 2729">
    <p class='ocr_par' dir='ltr' id='par_1_14' title="bbox 173 2391 1610 2605">
     <span class='ocr_line' id='line_1_33' title="bbox 174 2391 1606 2443; baseline -0.006 -13"><span class='ocrx_word' id='word_1_234' title='bbox 174 2398 258 2443; x_wconf 87' lang='lat' dir='ltr'><strong>Vgl.</strong></span> <span class='ocrx_word' id='word_1_235' title='bbox 283 2398 411 2432; x_wconf 82' lang='lat' dir='ltr'><strong>Arrian</strong></span> <span class='ocrx_word' id='word_1_236' title='bbox 441 2397 499 2429; x_wconf 92' lang='lat' dir='ltr'><strong>De</strong></span> <span class='ocrx_word' id='word_1_237' title='bbox 523 2395 693 2440; x_wconf 85' lang='lat' dir='ltr'><strong>Expedit.</strong></span> <span class='ocrx_word' id='word_1_238' title='bbox 720 2393 818 2426; x_wconf 82' lang='lat' dir='ltr'><strong>Alex.</strong></span> <span class='ocrx_word' id='word_1_239' title='bbox 840 2392 913 2432; x_wconf 87' lang='lat' dir='ltr'><strong>VI,</strong></span> <span class='ocrx_word' id='word_1_240' title='bbox 938 2397 991 2430; x_wconf 88' lang='grc'><strong>11.</strong></span> <span class='ocrx_word' id='word_1_241' title='bbox 1017 2392 1185 2425; x_wconf 68' lang='lat' dir='ltr'><strong>Plutarch</strong></span> <span class='ocrx_word' id='word_1_242' title='bbox 1209 2392 1249 2425; x_wconf 83' lang='lat' dir='ltr'><strong>iu</strong></span> <span class='ocrx_word' id='word_1_243' title='bbox 1271 2392 1343 2424; x_wconf 89' lang='lat' dir='ltr'><strong>Vit.</strong></span> <span class='ocrx_word' id='word_1_244' title='bbox 1367 2391 1466 2425; x_wconf 83' lang='lat' dir='ltr'><strong>Alex.</strong></span> <span class='ocrx_word' id='word_1_245' title='bbox 1492 2401 1523 2426; x_wconf 90' lang='lat' dir='ltr'><strong>c.</strong></span> <span class='ocrx_word' id='word_1_246' title='bbox 1551 2397 1606 2430; x_wconf 82' lang='lat'><strong>31.</strong></span> 
     </span>
     <span class='ocr_line' id='line_1_34' title="bbox 174 2447 1610 2498; baseline -0.005 -9"><span class='ocrx_word' id='word_1_247' title='bbox 174 2455 238 2489; x_wconf 78' lang='lat' dir='ltr'><strong>hat</strong></span> <span class='ocrx_word' id='word_1_248' title='bbox 265 2452 510 2498; x_wconf 81' lang='lat' dir='ltr'><strong>Gaugamela;</strong></span> <span class='ocrx_word' id='word_1_249' title='bbox 536 2452 596 2487; x_wconf 84' lang='lat' dir='ltr'><strong>ein</strong></span> <span class='ocrx_word' id='word_1_250' title='bbox 624 2450 788 2485; x_wconf 84' lang='lat' dir='ltr'><strong>Flecken</strong></span> <span class='ocrx_word' id='word_1_251' title='bbox 811 2449 851 2482; x_wconf 85' lang='lat' dir='ltr'><strong>in</strong></span> <span class='ocrx_word' id='word_1_252' title='bbox 877 2449 941 2483; x_wconf 89' lang='lat' dir='ltr'><strong>der</strong></span> <span class='ocrx_word' id='word_1_253' title='bbox 964 2449 1196 2494; x_wconf 78' lang='lat' dir='ltr'><strong>assyrischen</strong></span> <span class='ocrx_word' id='word_1_254' title='bbox 1221 2447 1450 2481; x_wconf 80' lang='lat' dir='ltr'>Landschaft</span> <span class='ocrx_word' id='word_1_255' title='bbox 1473 2449 1610 2482; x_wconf 83' lang='lat' dir='ltr'><strong>Aturca</strong></span> 
     </span>
     <span class='ocr_line' id='line_1_35' title="bbox 173 2506 1609 2555; baseline -0.005 -10"><span class='ocrx_word' id='word_1_256' title='bbox 173 2513 211 2545; x_wconf 87' lang='lat' dir='ltr'><strong>in</strong></span> <span class='ocrx_word' id='word_1_257' title='bbox 239 2513 306 2546; x_wconf 83' lang='lat' dir='ltr'><strong>der</strong></span> <span class='ocrx_word' id='word_1_258' title='bbox 330 2510 435 2544; x_wconf 62' lang='lat' dir='ltr'><strong>Nahe</strong></span> <span class='ocrx_word' id='word_1_259' title='bbox 460 2510 521 2543; x_wconf 90' lang='lat' dir='ltr'><strong>des</strong></span> <span class='ocrx_word' id='word_1_260' title='bbox 548 2510 691 2555; x_wconf 84' lang='lat' dir='ltr'><strong>Tigris,</strong></span> <span class='ocrx_word' id='word_1_261' title='bbox 722 2507 819 2541; x_wconf 80' lang='lat' dir='ltr'><strong>nahe</strong></span> <span class='ocrx_word' id='word_1_262' title='bbox 842 2506 904 2542; x_wconf 83' lang='lat' dir='ltr'><strong>hei</strong></span> <span class='ocrx_word' id='word_1_263' title='bbox 929 2507 1013 2541; x_wconf 88' lang='lat' dir='ltr'><strong>dem</strong></span> <span class='ocrx_word' id='word_1_264' title='bbox 1036 2507 1212 2552; x_wconf 79' lang='lat' dir='ltr'><strong>heutigen</strong></span> <span class='ocrx_word' id='word_1_265' title='bbox 1236 2506 1433 2551; x_wconf 74' lang='lat' dir='ltr'><strong>Karrneli⁸‚</strong></span> <span class='ocrx_word' id='word_1_266' title='bbox 1467 2506 1609 2551; x_wconf 84' lang='lat' dir='ltr'><strong>wenige</strong></span> 
     </span>
     <span class='ocr_line' id='line_1_36' title="bbox 173 2564 1304 2605; baseline -0.011 0"><span class='ocrx_word' id='word_1_267' title='bbox 173 2571 316 2605; x_wconf 84' lang='lat' dir='ltr'><strong>Meilen</strong></span> <span class='ocrx_word' id='word_1_268' title='bbox 341 2567 550 2604; x_wconf 79' lang='lat' dir='ltr'><strong>siid&#39;dstlich</strong></span> <span class='ocrx_word' id='word_1_269' title='bbox 572 2578 646 2601; x_wconf 83' lang='lat' dir='ltr'><strong>von</strong></span> <span class='ocrx_word' id='word_1_270' title='bbox 670 2564 804 2603; x_wconf 64' lang='lat' dir='ltr'><strong>Moeul.</strong></span> <span class='ocrx_word' id='word_1_271' title='bbox 1300 2565 1304 2570; x_wconf 75' lang='grc'><strong>”</strong></span> 
     </span>
    </p>

    <p class='ocr_par' dir='ltr' id='par_1_15' title="bbox 262 2628 458 2672">
     <span class='ocr_line' id='line_1_37' title="bbox 262 2628 458 2672; baseline -0.015 -10"><span class='ocrx_word' id='word_1_272' title='bbox 262 2628 304 2672; x_wconf 77' lang='lat'><strong>7)</strong></span> <span class='ocrx_word' id='word_1_273' title='bbox 329 2628 458 2660; x_wconf 87' lang='lat' dir='ltr'><strong>Porus.</strong></span> 
     </span>
    </p>

    <p class='ocr_par' dir='ltr' id='par_1_16' title="bbox 265 2676 1607 2729">
     <span class='ocr_line' id='line_1_38' title="bbox 265 2676 1607 2729; baseline -0.007 -10"><span class='ocrx_word' id='word_1_274' title='bbox 265 2685 307 2729; x_wconf 84' lang='lat'><strong>8)</strong></span> <span class='ocrx_word' id='word_1_275' title='bbox 331 2682 523 2719; x_wconf 65' lang='lat' dir='ltr'><strong>Gewbhnl.</strong></span> <span class='ocrx_word' id='word_1_276' title='bbox 541 2688 715 2729; x_wconf 69' lang='lat' dir='ltr'><strong>potestate</strong></span> <span class='ocrx_word' id='word_1_277' title='bbox 734 2692 811 2717; x_wconf 72' lang='lat' dir='ltr'><strong>sua.</strong></span> <span class='ocrx_word' id='word_1_278' title='bbox 836 2681 912 2716; x_wconf 70' lang='lat' dir='ltr'><strong>Ftir</strong></span> <span class='ocrx_word' id='word_1_279' title='bbox 933 2681 992 2717; x_wconf 86' lang='lat' dir='ltr'><strong>die</strong></span> <span class='ocrx_word' id='word_1_280' title='bbox 1016 2685 1151 2716; x_wconf 79' lang='lat' dir='ltr'><strong>erstere</strong></span> <span class='ocrx_word' id='word_1_281' title='bbox 1177 2680 1308 2714; x_wconf 83' lang='lat' dir='ltr'><strong>Lesart</strong></span> <span class='ocrx_word' id='word_1_282' title='bbox 1327 2676 1472 2723; x_wconf 80' lang='lat' dir='ltr'><strong>spricht</strong></span> <span class='ocrx_word' id='word_1_283' title='bbox 1492 2677 1607 2722; x_wconf 73' lang='lat' dir='ltr'><strong>Nepae</strong></span> 
     </span>
    </p>
   </div>
   <div class='ocr_carea' id='block_1_10' title="bbox 176 2744 330 2787">
    <p class='ocr_par' dir='ltr' id='par_1_17' title="bbox 176 2744 330 2787">
     <span class='ocr_line' id='line_1_39' title="bbox 176 2744 330 2787; baseline 0 -11"><span class='ocrx_word' id='word_1_284' title='bbox 176 2744 214 2787; x_wconf 91' lang='lat'><strong>1,</strong></span> <span class='ocrx_word' id='word_1_285' title='bbox 240 2749 272 2783; x_wconf 90' lang='lat'><strong>1.</strong></span> <span class='ocrx_word' id='word_1_286' title='bbox 294 2747 330 2783; x_wconf 83' lang='lat'><strong>4.</strong></span> 
     </span>
    </p>
   </div>
  </div>
 </body>
</html>
