1747 3120
319 813 820 863 CONSPECTUS
879 809 1371 862 ARGUMENTI.

136 1119 397 1158 Prooemium.
511 1145 1345 1158 .............
1384 1114 1473 1163 Pag-

136 1176 230 1225 Cap.
260 1175 292 1214 I.
349 1177 407 1212 De
436 1176 599 1215 Mundo.
714 1200 1342 1213 ..........
1415 1193 1444 1198 -

165 1254 194 1260 --
247 1231 296 1268 II.
355 1232 412 1270 De
443 1232 653 1269 duodecim
682 1232 821 1281 Signis.
923 1255 1343 1267 .......

163 1310 193 1315 -
248 1286 318 1324 III.
375 1288 432 1325 De
460 1288 663 1325 Sideribus
667 1311 1343 1324 ...........

162 1363 196 1371 --
249 1341 323 1381 IV..
374 1343 530 1390 Quibus
569 1344 749 1394 partibus
789 1342 952 1381 sedeant
989 1339 1198 1379 duodecim
1237 1339 1346 1389 signa

381 1400 592 1438 duodecim
622 1406 843 1438 ventorum.
922 1424 1342 1437 .......
1415 1417 1445 1424 -

246 1454 292 1492 V.
350 1456 408 1494 De
437 1456 572 1494 Ventis
577 1481 1341 1494 ............
1414 1474 1443 1480 -

246 1510 311 1549 VI.
369 1513 426 1551 De
457 1513 563 1551 Orbe
592 1514 816 1551 Terrarum.
919 1538 1340 1549 .......
1415 1532 1444 1538 -

246 1568 331 1605 VII.
387 1570 445 1607 De
475 1569 642 1607 marium
670 1570 831 1607 ambitu.
919 1594 1342 1605 .......
1415 1588 1445 1595 -

247 1623 353 1662 VIII.
411 1626 601 1664 Miracula
632 1626 767 1664 mundi
774 1650 1340 1663 .........
1416 1645 1445 1651 -

249 1680 320 1719 ΙΧ.
367 1680 475 1728 Quot
486 1683 596 1720 fuere
611 1683 741 1732 Joves,
757 1682 824 1720 vel
837 1681 902 1718 alii
917 1681 956 1718 in
972 1681 1063 1718 loco
1083 1679 1143 1716 Dii
1160 1680 1357 1728 Deaeque.
1415 1702 1445 1708 -

249 1737 300 1774 X.
359 1737 417 1775 De
446 1738 638 1790 Imperiis.
716 1763 1343 1775 ..........
1415 1757 1444 1764 -

247 1794 319 1832 ΧΙ.
376 1795 501 1845 Reges
532 1794 786 1846 Assyriorum
791 1819 1343 1832 .........
1416 1813 1446 1821 -

248 1851 338 1889 XII.
396 1851 521 1901 Reges
553 1851 772 1889 Medorum.
854 1875 1344 1888 ........
1417 1870 1446 1876 -

249 1907 357 1944 XIII.
415 1908 540 1958 Reges
568 1909 777 1945 Persarum
782 1932 1343 1943 .........
1417 1925 1446 1932 -

248 1963 357 2000 XIV.
415 1964 544 2001 Duces
574 1970 611 2001 et
641 1965 766 2013 Reges
790 1960 1206 2000 Lacedaemoniorum.
1267 1989 1274 1996 .
1337 1988 1344 1996 .

1414 1302 1444 1310 1

161 1481 194 1882 IIIIIIII

165 2043 195 2049 -
250 2019 337 2056 XV.
397 2020 611 2057 Clarissimi
635 2021 759 2070 Reges
783 2025 821 2056 et
842 2019 968 2056 Duces
991 2015 1301 2055 Atheniensium.
1416 2036 1447 2044 —

165 2099 194 2105 -
250 2075 354 2114 XVI.
410 2076 536 2125 Reges
565 2076 837 2114 Macedonum.
925 2101 1343 2112 .......
1416 2093 1446 2100 -

165 2153 193 2160 -
249 2131 374 2168 XVII.
429 2133 555 2181 Reges
590 2138 630 2170 et
660 2133 786 2170 Duces
816 2132 1095 2169 Romanorum.
1197 2159 1204 2166 .
1266 2158 1273 2166 .
1336 2157 1343 2164 .
1416 2149 1444 2156 —

165 2209 195 2216 —
250 2187 396 2226 XVIII.
455 2189 667 2227 Clarissimi
695 2189 824 2226 Duces
854 2188 1135 2225 Romanorum.
1195 2214 1202 2222 .
1264 2213 1272 2221 .
1335 2214 1342 2221 .
1416 2206 1445 2211 —

164 2265 192 2272 -
251 2244 359 2282 XIX.
415 2245 597 2290 Romani,
629 2245 699 2296 qui
716 2245 759 2282 in
785 2250 877 2294 toga
906 2244 1067 2281 suerunt
1092 2242 1280 2280 illustres.
1336 2269 1345 2278 .
1415 2261 1444 2268 -ι

164 2321 195 2328 -
249 2300 340 2338 XX.
399 2300 477 2347 Qui
510 2315 583 2352 pro
615 2302 738 2339 salute
769 2314 810 2338 sc
840 2300 1081 2338 obtulerunt.
1128 2328 1137 2336 .
1197 2327 1206 2336 .
1266 2328 1274 2336 .
1336 2327 1343 2335 .
1415 2318 1445 2324 —

165 2375 195 2384 -
249 2356 359 2394 XXI.
418 2357 498 2404 Qui
528 2358 656 2410 spolia
686 2356 819 2408 opima
847 2356 1083 2394 retulerunt.
1125 2384 1133 2392 .
1195 2384 1204 2392 .
1266 2384 1274 2392 .
1333 2383 1341 2391 .
1414 2374 1444 2382 ·-

251 2412 378 2450 XXII.
437 2413 517 2461 Qui
545 2413 754 2466 provocati
796 2413 844 2452 ab
881 2411 1063 2452 hostibus
1091 2425 1212 2452 manu
1242 2424 1344 2449 con-

439 2470 652 2509 tenderunt
656 2496 1343 2510 ...........
1415 2490 1445 2497 —

253 2524 399 2562 XXIII.
459 2526 538 2573 Qui
568 2542 643 2579 pro
671 2525 858 2564 Romanis
891 2531 1022 2576 gentes
1053 2530 1304 2577 superarunt.

255 2581 398 2620 XXIV.
457 2582 566 2629 Quot
584 2584 760 2621 illustres
779 2582 994 2634 Scipiones,
1025 2582 1094 2633 qui
1112 2582 1260 2633 maguis
1279 2594 1342 2619 rc-

451 2638 527 2676 bus
556 2640 674 2690 gestis
703 2639 965 2689 cognominati
992 2645 1094 2677 sunt.
1195 2669 1202 2676 .
1264 2668 1270 2674 .
1333 2666 1340 2674 .
1414 2656 1443 2663 -

255 2693 379 2731 XXV.
438 2697 681 2734 Secessioncs
712 2695 849 2749 plebis.
920 2722 1341 2734 .......
1415 2716 1443 2722 -

170 2717 198 2723 I

258 2750 403 2789 XXVI.
463 2751 693 2792 Seditiones.
784 2779 1341 2790 .........
1413 2771 1443 2779 -
1490 2751 1565 2793 101
