1699 3136
146 172 228 212 102
360 181 402 209 L.
435 178 691 210 AMPELII
731 176 908 206 LIBRI
949 176 1346 208 MEMORIALIS

145 282 246 310 cero
277 268 392 322 ejus,
442 265 692 309 convocatis
725 265 778 307 ad
812 264 975 322 pileum
1004 265 1034 321 ⁸)
1065 266 1228 319 servis,
1275 267 1321 309 in
1352 267 1575 312 Aventino

146 345 300 381 monte
332 337 563 394 oppressit.
622 337 774 378 Tertia
805 336 985 388 seditio,
1028 335 1205 393 Apuleji
1236 338 1463 381 Saturnini
1495 341 1575 382 Tr.

145 410 207 453 Pl.
227 414 261 459 ⁹)
291 416 334 450 et
355 407 568 450 Glauciae
592 407 814 461 Consuli33
845 422 980 464 quos,
1011 407 1190 449 comitia
1214 407 1260 449 in
1286 423 1441 465 campo
1473 425 1577 451 cae-

147 480 273 522 dibus
303 479 633 535 perturbantes,
665 478 834 521 Marius
857 481 901 527 10)
931 478 977 519 in
1005 477 1268 535 Capitolium
1291 480 1337 533 ¹¹)
1369 495 1577 535 persecu-

148 560 217 591 tus
241 549 435 599 obsedit,
468 557 509 590 et
537 549 833 591 conficiendos
864 548 1053 591 fustibus
1083 549 1288 604 saxisque
1317 551 1492 593 curavit
1513 551 1577 609 ¹²).

147 620 323 677 Quarta
362 619 543 668 seditio,
590 620 677 662 fuit
705 619 820 662 Livii
851 620 1009 674 Drusi,
1064 627 1109 662 et
1136 620 1297 676 Quinti
1327 621 1576 678 Caepionis,

146 707 248 733 cum
274 695 318 741 ¹³)
347 691 421 733 ille
447 690 688 743 Senatum,
722 691 793 734 hic
826 698 1078 748 equestrem
1109 691 1315 733 ordinem
1343 692 1580 738 adsereret.

146 760 389 818 Praecipua
418 769 571 805 tamen
599 763 652 806 ad
682 770 831 805 motus
861 761 1118 805 excitandos
1146 761 1234 804 fuit
1264 778 1412 817 causa,
1459 765 1581 822 quod

148 833 320 874 Dru-sus
356 832 578 876 civitatem
612 835 661 890 ¹⁴)
699 833 903 877 omnibus
942 833 1100 877 Italicis
1136 834 1448 891 pollicebatur3
1503 837 1580 880 sed

151 910 244 945 tum
265 919 289 946 a
308 903 511 961 Philippo
534 907 584 959 ¹⁵)
616 906 795 948 consule
816 905 862 948 in
882 906 1014 948 domo
1034 919 1114 947 sua
1133 904 1410 949 interfectus

238 1142 278 1185 S)
304 1142 465 1175 Zez-'chen
496 1143 561 1176 der
579 1143 757 1180 Freiheit.
796 1144 887 1177 Dies
908 1143 1054 1177 bezieht
1078 1144 1159 1177 sich
1179 1144 1268 1178 aber
1286 1144 1356 1178 auf
1375 1145 1582 1185 Gracchus.

150 1198 186 1234 S.
210 1198 330 1232 Aurel.
357 1202 450 1233 Via-t.
473 1200 517 1234 de
537 1202 579 1234 V.
601 1203 631 1235 I.
661 1214 693 1235 c.
716 1207 781 1246 65,
807 1207 839 1240 5.
870 1201 993 1246 Vellej.
1014 1202 1071 1244 Π,
1098 1208 1129 1241 6.
1157 1208 1189 1241 6.
1216 1202 1379 1236 schreibt
1401 1204 1479 1238 dies
1497 1206 1585 1242 dem

150 1255 483 1300 Buudesgenossen
503 1259 654 1291 Flaccus
677 1270 733 1292 zu.
770 1258 949 1301 „Flaccus
978 1259 1017 1291 in
1041 1259 1221 1294 Aventino
1250 1268 1412 1294 armatos
1439 1263 1485 1296 ad
1518 1277 1585 1308 pu-

150 1323 263 1356 gnam
285 1313 406 1357 ciens,
431 1326 516 1349 cum
532 1315 612 1349 filio
630 1317 771 1358 majore
789 1316 978 1360 jugulatus
1001 1318 1094 1350 est.“
1135 1317 1204 1351 Mit
1224 1319 1412 1363 Ampelius
1440 1322 1587 1358 stimmt

151 1381 271 1415 geuau
290 1373 476 1415 Appianas
503 1373 547 1406 de
567 1375 608 1408 B.
629 1375 708 1410 civ.
726 1375 764 1419 I,
791 1380 837 1414 26
863 1374 1034 1408 iiberein:
1067 1372 1157 1415 τούς
1178 1374 1414 1419 θεράποντας
1437 1378 1587 1415 συνεκά-

151 1431 240 1463 λουν
264 1424 326 1462 ἐπ’
350 1428 555 1478 ἐλευθερίᾳ.

242 1485 282 1530 9)
308 1487 399 1522 Flor.
423 1489 499 1530 ΙΙΙ,
527 1496 579 1529 16.
607 1497 637 1529 1.
669 1489 762 1536 „qui
780 1489 1018 1524 Gracchanas
1037 1489 1137 1534 leges
1152 1489 1326 1524 adserere
1342 1491 1587 1528 nihilominus

153 1540 333 1576 destitit.“
374 1545 455 1589 Vgl.
480 1547 576 1580 oben
601 1559 631 1583 c,
655 1554 710 1587 18.

243 1601 306 1646 10)
332 1602 367 1636 S.
393 1603 487 1637 Flor.
511 1616 542 1637 a.
566 1617 597 1638 a.
622 1606 667 1639 O.
696 1606 771 1637 Liv.
789 1604 877 1647 epit.
905 1614 938 1636 c.
958 1609 1014 1641 60.

245 1658 306 1702 ll)
332 1660 428 1693 Vom
447 1660 596 1694 Markte
616 1673 702 1705 aus,
729 1661 802 1705 vgl.
825 1660 917 1693 Flor.
939 1670 970 1693 a.
993 1671 1025 1694 a.
1052 1659 1098 1695 Ο.
1131 1660 1307 1705 Apuleius
1335 1660 1414 1695 ssoh
1440 1673 1515 1696 von
1543 1662 1589 1698 da

153 1716 192 1748 in
213 1715 271 1748 die
290 1716 413 1750 Curie.
441 1717 476 1750 S.
495 1718 610 1752 Aurel.
637 1720 734 1752 Vici.
758 1729 790 1751 a.
810 1729 840 1750 a.
861 1717 907 1751 O.
934 1728 964 1750 c.
985 1721 1047 1759 73,
1074 1723 1129 1757 11.

244 1774 307 1818 12)
333 1775 381 1807 So
401 1774 543 1808 erzahlt
559 1775 656 1809 auch
676 1777 772 1810 Flor.
792 1787 824 1811 a.
844 1786 874 1808 a.
898 1774 945 1808 O.

246 1831 309 1876 13)
335 1832 530 1868 Gewiihnl.
556 1846 633 1866 eum
657 1833 718 1866 ille
741 1835 891 1866 Senaius
918 1839 1105 1876 equestrem
1129 1832 1281 1864 ordinem
1306 1833 1492 1870 adsideret,
1539 1835 1590 1870 So

155 1887 254 1923 noch
285 1890 499 1931 Tzsclzucke3
525 1889 589 1923 ich
614 1889 707 1923 habe
733 1889 831 1923 ohne
855 1889 1025 1922 Zaudern
1047 1888 1269 1922 Perizonius'
1294 1890 1589 1936 Verbesserung:

156 1959 233 1978 cum
258 1946 320 1980 ille
345 1949 530 1989 Senatum,
555 1948 614 1980 hic
638 1956 825 1992 equestrem
851 1949 1004 1979 ordinem
1029 1949 1228 1989 adsereret,
1253 1946 1293 1979 l'n
1312 1946 1382 1980 den
1401 1949 1493 1980 Text
1512 1949 1592 1982 auf·

157 2013 396 2046 genommen.
428 2005 515 2048 Vgl.
531 2005 623 2038 Flor.
644 2006 724 2048 ΙΙΙ,
752 2011 806 2043 17.
829 2010 862 2044 4.
901 2005 974 2037 Die
991 2005 1196 2038 Senatoren
1217 2005 1370 2037 wollten
1389 2005 1467 2038 sich
1489 2008 1593 2040 nam-

157 2061 234 2094 lich
258 2062 317 2095 die
338 2062 630 2108 Ziigellosigkeit
654 2063 714 2095 des
740 2062 1013 2095 Ritterstandes
1037 2062 1097 2094 bei
1127 2060 1368 2094 offentliehen
1395 2062 1594 2096 Verhand-

158 2117 299 2164 lungen
326 2120 433 2153 nicht
458 2120 589 2164 langer
611 2120 772 2165 gefallen
793 2120 935 2163 lassen,
962 2118 1038 2152 und
1061 2117 1313 2151 widersetzten
1332 2119 1411 2151 sich
1432 2119 1508 2152 ihm
1528 2119 1596 2152 auf

159 2176 233 2209 alle
254 2177 443 2221 m'ogliche
460 2178 596 2211 lVeise.
622 2178 657 2211 S.
676 2179 753 2210 Liv.
772 2178 858 2219 cpit.
886 2189 917 2212 c,
939 2183 994 2216 70.
1020 2176 1110 2208 Hor.
1129 2176 1207 2217 ΙΙΙ,
1236 2182 1288 2214 17.
1331 2175 1457 2208 Daher
1476 2182 1593 2208 neunt

161 2233 255 2267 auch
290 2236 408 2267 Cicero
435 2247 492 2280 pr.
519 2235 654 2268 Milon.
680 2247 709 2268 c.
738 2235 818 2268 VH.
852 2234 923 2266 den
951 2235 1065 2267 Senat
1089 2233 1197 2265 einen
1221 2240 1464 2278 propugnator
1487 2241 1593 2277 atque

160 2291 236 2325 illis
260 2294 396 2336 quidem
420 2293 628 2337 temporibus
649 2304 760 2336 paene
780 2298 963 2335 patronus,

253 2348 316 2392 14)
346 2349 469 2393 Vellej.
486 2349 542 2391 II,
569 2354 622 2388 15.
645 2355 679 2388 2.
715 2349 841 2391 „Mors
867 2346 983 2380 Drusi
1006 2347 1080 2388 jam
1104 2346 1250 2391 pridem
1272 2353 1483 2380 tumescens
1507 2348 1594 2381 bel-

163 2405 242 2439 lum
265 2405 438 2439 excitavit
458 2405 681 2446 Italicum,“
705 2405 873 2438 welchen
892 2404 1005 2448 Krieg
1036 2405 1179 2437 Andere
1210 2403 1281 2437 den
1306 2406 1478 2438 Marser-
1503 2405 1595 2438 oder

163 2462 609 2508 Bundesgenossenkrieg
628 2474 785 2497 nenuen.
819 2463 899 2508 Vgl.
925 2463 1016 2496 iiber
1045 2460 1249 2494 denselben
1273 2461 1422 2506 Heyne'e
1451 2462 1593 2507 Opusc.

164 2521 275 2555 Aead.
309 2521 393 2554 Vol.
414 2521 483 2554 ΙΙΙ.
509 2531 546 2564 p.
574 2525 648 2559 144.
674 2519 713 2552 ff.

255 2578 318 2623 15)
342 2578 461 2612 Aurel.
485 2580 579 2611 Vici.
600 2589 630 2611 a.
655 2590 687 2611 a.
709 2578 754 2611 O.
782 2589 812 2610 c.
835 2582 891 2615 66.
927 2576 1050 2619 „Cum
1073 2575 1228 2608 domum
1247 2586 1285 2608 se
1302 2575 1501 2620 reciperet,
1525 2575 1595 2609 im-

166 2637 279 2670 misso
300 2637 396 2670 inter
416 2635 564 2669 turbam
579 2646 795 2679 percussore
825 2633 976 2667 corruit.
1022 2633 1166 2667 Invidia
1193 2633 1313 2666 caedis
1337 2633 1436 2677 apud
1454 2632 1596 2677 Philip-

167 2705 257 2739 pum
273 2700 309 2727 et
325 2694 546 2738 Caepionem
566 2693 677 2728 fuit.“
703 2693 791 2725 Flor.
812 2703 843 2724 a.
862 2703 895 2724 a.
921 2691 966 2724 O.
997 2692 1184 2734 „Drusum
1210 2695 1377 2731 matura,
1402 2695 1442 2723 ut
1462 2689 1501 2722 in
1528 2689 1596 2722 tali

169 2750 383 2787 discrimine
400 2762 502 2786 mors
521 2750 710 2786 abstulit.“
723 2769 766 2776 --
785 2749 905 2784 Ucber
923 2749 1032 2792 jenen
1052 2749 1166 2782 Streit
1184 2748 1246 2782 des
1260 2747 1398 2792 Caepio
1418 2747 1485 2780 mit
1496 2747 1598 2781 Dru·
