1747 3120
1469 173 1566 203 XVII

139 288 270 330 brum
308 285 564 327 Salmasius
595 284 729 327 Floro
772 297 1017 339 appensum
1058 280 1264 336 Lugduni
1298 281 1568 322 Batavorum

142 364 266 404 1638.
289 362 355 401 12.
382 363 445 407 et,
475 370 561 412 qua
584 355 756 396 ratione
785 352 944 407 egerit,
987 367 1209 408 quamque
1236 365 1415 408 operam
1440 349 1571 390 adhi-

141 426 287 471 buerit
303 459 316 481 ,
357 426 450 483 ipse
480 425 526 466 in
546 422 818 481 praefatione
839 422 901 463 sic
921 430 1266 465 commemorat:
1308 420 1466 477 „Quae
1487 435 1571 477 po·-

139 506 326 542 tuerunt
358 498 454 538 sine
489 510 647 550 magno
680 494 859 549 negotio
895 500 938 534 et
965 494 1074 536 citra
1104 495 1290 537 nimiam
1321 493 1570 534 libertatem

138 567 364 624 castigari,
404 583 456 609 ea
491 565 762 608 correximus
790 564 954 606 omnia.
1031 565 1229 606 Plurima
1256 572 1407 605 tamen
1436 561 1570 603 etiam

137 639 416 694 reliquimus,
448 651 560 692 quae
581 635 842 678 facillimum
866 643 959 675 erat
978 634 1213 675 restituere
1231 641 1272 674 et
1293 632 1453 674 mutari
1477 639 1571 673 tuto

137 716 362 766 poterant3
392 705 468 747 sed
490 705 652 747 intacta
683 706 781 747 ideo
811 705 1218 762 praetermisimus,
1260 704 1365 759 quia
1395 710 1571 743 tantum

136 779 262 822 nobis
289 778 424 820 licere
455 775 707 828 noluimus,
755 784 801 818 et
829 792 918 817 non
952 777 1061 817 tanti
1095 776 1191 817 visa
1215 783 1319 816 sunt
1353 774 1571 815 nonnulla

137 863 314 899 eorum,
346 855 397 888 ut
415 845 682 901 scripturam
711 854 910 888 veterem
943 846 1263 888 sollicitandam
1289 836 1567 902 putaremus.

134 919 384 962 Fatendum
414 925 502 969 est,
533 924 575 958 et
593 932 682 958 non
702 932 839 972 pauca
863 918 1041 969 haberi,
1069 932 1181 972 quae
1202 916 1296 958 sine
1321 931 1403 972 ope
1424 915 1572 956 melio-

132 989 193 1032 ris
217 989 399 1043 Codicisj
419 989 500 1030 vix
520 1004 545 1030 a
566 1002 791 1044 quoq·':.;n
810 990 976 1046 possint
997 988 1237 1030 emendari.
1295 986 1467 1028 Eorum
1489 1001 1571 1027 ve-

132 1075 206 1113 ro,
261 1075 373 1116 quae
401 1075 455 1101 ex
489 1061 744 1115 conjectura
781 1060 828 1100 in
861 1068 1069 1102 contextu
1108 1059 1461 1108 emendavimus,
1514 1064 1569 1107 et,

133 1145 249 1187 quae
277 1130 562 1172 inemendata
595 1129 875 1183 reliquimus,
925 1132 971 1172 in
1000 1130 1112 1171 notis
1152 1128 1390 1184 aliquando
1422 1128 1569 1169 corri-
1622 1179 1626 1184 ¹

132 1201 406 1256 gendorum,
436 1199 551 1241 ratio
571 1198 805 1250 reddetur,
851 1215 952 1240 cum
986 1201 1188 1242 edentur.
1249 1199 1453 1241 Edentur
1487 1214 1572 1239 au-

134 1279 226 1312 tem
255 1270 564 1327 propediem“.
640 1269 708 1309 De
756 1271 1100 1322 commentario,
1151 1284 1282 1324 quem
1324 1276 1571 1326 paraverat,

130 1341 250 1382 idem
274 1347 460 1381 testatur
490 1340 767 1382 Clementius
797 1341 842 1382 in
866 1341 966 1383 Vita
998 1339 1201 1383 salmasii
1227 1342 1322 1391 3²),
1355 1341 1453 1390 sed,
1484 1354 1571 1394 quo

132 1410 447 1466 migraverint,
479 1425 571 1452 non
606 1411 748 1458 addit,
789 1412 977 1453 forsitan
1010 1411 1127 1466 quod
1155 1410 1387 1465 ignoravit.
1447 1410 1573 1452 Nun-

134 1495 267 1538 quam
291 1481 407 1523 enim
429 1480 635 1537 apparuit
662 1481 735 1525 ille
765 1483 1133 1535 commentarius,
1173 1497 1226 1523 ex
1247 1496 1334 1536 quo
1370 1496 1461 1522 non
1496 1496 1573 1522 so·-

130 1552 226 1596 lum
249 1552 304 1594 de
326 1552 498 1594 Codicis
517 1552 780 1594 lectionibus
807 1553 955 1594 verius
973 1553 1185 1608 judicari,
1226 1552 1299 1593 scd
1321 1551 1367 1592 in
1388 1560 1476 1593 tam
1503 1566 1573 1592 co-

133 1622 259 1680 piosa
281 1630 324 1663 et
341 1630 466 1663 vasta
490 1622 690 1665 salmasii
714 1624 962 1665 eruditione
991 1624 1073 1681 ipsi
1101 1622 1300 1680 Ampelio
1332 1621 1574 1663 clarissima

132 1699 214 1742 lux
235 1691 400 1734 oboriri
424 1694 652 1750 potuisset.
710 1693 812 1735 Non
841 1700 987 1735 autem
1010 1707 1188 1749 semper
1208 1692 1416 1734 Codiccm
1450 1700 1574 1733 recte

134 1771 179 1805 et
210 1761 404 1804 fideliter
436 1764 678 1805 reddidisse
706 1772 750 1805 et
783 1764 1012 1820 superiora
1042 1764 1135 1817 ejus
1168 1762 1303 1803 verba
1334 1762 1572 1813 declarant,

132 1833 209 1876 sed
228 1841 271 1876 et
293 1833 476 1875 discitur
499 1849 556 1875 ex
580 1834 656 1887 iis,
688 1850 800 1891 quae
829 1835 881 1876 ad
909 1835 1112 1876 solinum
1140 1832 1243 1874 inde
1268 1833 1441 1885 attulit,
1477 1833 1574 1874 vel-

132 1903 202 1945 uti
217 1918 261 1960 p.
284 1918 344 1948 m.
367 1910 462 1949 610.
481 1905 774 1958 thoetaeon,
806 1904 882 1945 ubi
899 1904 1031 1946 hodie
1049 1918 1143 1960 cap.
1161 1904 1276 1946 VIII.
1300 1902 1467 1956 editur,
1497 1903 1573 1945 illo

132 1983 397 2032 praeeunte,
426 1975 628 2026 Rhoete,
659 1983 763 2032 etp.
783 1990 842 2017 m.
868 1981 964 2020 607.
1025 1975 1300 2028 Pelizwum,
1341 1973 1417 2015 ubi
1450 1989 1573 2016 nunc

131 2045 292 2101 legitur
317 2047 483 2103 cap.II.
552 2046 786 2091 Pelenaeo
821 2055 987 2089 monte.
1059 2046 1164 2087 Post
1192 2045 1366 2102 saepius
1403 2045 1575 2102 prodiit

131 2117 389 2174 Ampelius,
419 2131 566 2159 comes
586 2125 827 2174 perpetuus
846 2117 980 2160 Floro
1004 2115 1265 2171 adjunctus,
1298 2117 1445 2157 nudus
1469 2117 1574 2172 qui-

132 2187 234 2229 dem
254 2195 297 2229 et
315 2187 539 2237 incultus,
580 2187 721 2232 donec
744 2189 984 2231 excitatum
1014 2187 1247 2228 doctorum
1287 2187 1571 2243 quorundam

131 2258 328 2301 studium
349 2258 404 2302 ad
427 2259 519 2314 ejus
543 2274 694 2302 curam
716 2266 1061 2303 converteretur.
1121 2257 1325 2300 Fuerunt
1341 2257 1387 2299 hi
1409 2257 1453 2299 in
1476 2258 1575 2314 pri-

131 2329 217 2372 mis
237 2329 530 2382 meneket-as,
565 2331 640 2386 qui
662 2329 802 2373 multa
819 2330 1005 2386 Ampelii
1024 2330 1120 2370 loca
1143 2329 1355 2370 tractavit
1382 2329 1427 2370 in
1450 2329 1573 2372 Notis

134 2399 191 2441 ad
210 2401 560 2458 Mythographos
581 2402 782 2450 Latinos,
813 2398 1155 2444 Freinshemius
1187 2400 1348 2456 passim
1384 2399 1439 2441 ad
1465 2401 1573 2442 Flo-

134 2484 264 2522 rum,
293 2471 513 2514 Heinsius
535 2480 578 2514 et
597 2473 892 2523 PerizoniuS,
935 2472 1009 2528 qui
1030 2471 1361 2527 exemplaribus
1392 2472 1483 2513 suis
1502 2472 1574 2514 al-

133 2539 340 2583 leverant
361 2542 527 2598 aliquot
557 2544 909 2595 emendationes,
951 2557 1058 2597 quas
1078 2541 1124 2583 in
1150 2543 1294 2584 lucem
1328 2550 1572 2599 protractas

134 2610 222 2652 suis
242 2610 367 2652 auxit
387 2618 428 2652 et
446 2613 654 2671 Ampelio
678 2613 864 2668 subjecit
881 2613 1089 2656 Dal-ems
1103 2644 1114 2663 ‚
1147 2613 1221 2669 qui
1248 2620 1288 2654 et
1309 2612 1405 2669 ipse
1430 2615 1574 2657 multa

132 2680 230 2723 loca
251 2681 504 2737 explanavit
534 2693 578 2726 et
600 2684 813 2742 explicuit
836 2684 882 2726 in
902 2684 1022 2727 Flori
1051 2683 1248 2725 editione
1270 2683 1434 2739 duplici
1464 2690 1574 2730 1722

135 2757 180 2793 et
205 2756 357 2800 1744.,
399 2767 530 2809 quam
560 2755 871 2811 posteriorem,
912 2763 960 2798 ut
988 2756 1036 2798 in
1067 2754 1228 2804 Floro,
1271 2754 1332 2796 ita
1361 2755 1493 2797 etiam
1526 2757 1574 2798 in

134 2821 342 2881 Ampelio
362 2839 478 2868 nova
501 2825 726 2882 prioribus
756 2825 942 2881 addere,
987 2826 1138 2883 aliqua
1173 2824 1319 2915 eliani·t
1332 2824 1573 2916 ³immutata
