<?xml version="1.0" encoding="UTF-8"?>
<!DOCTYPE html PUBLIC "-//W3C//DTD XHTML 1.0 Transitional//EN"
    "http://www.w3.org/TR/xhtml1/DTD/xhtml1-transitional.dtd">
<html xmlns="http://www.w3.org/1999/xhtml" xml:lang="en" lang="en">
 <head>
  <title>
</title>
<meta http-equiv="Content-Type" content="text/html;charset=utf-8" />
  <meta name='ocr-system' content='tesseract 3.04.00' />
  <meta name='ocr-capabilities' content='ocr_page ocr_carea ocr_par ocr_line ocrx_word'/>
</head>
<body>
  <div class='ocr_page' id='page_1' title='image "./libermemorialis00ampeuoft_0027.png"; bbox 0 0 1747 3120; ppageno 0'>
   <div class='ocr_carea' id='block_1_1' title="bbox 178 283 1493 303">
    <p class='ocr_par' dir='ltr' id='par_1_1' title="bbox 178 283 1493 303">
     <span class='ocr_line' id='line_1_1' title="bbox 178 283 1493 303; baseline 0 2817"><span class='ocrx_word' id='word_1_1' title='bbox 178 283 1493 303; x_wconf 95' lang='lat' dir='ltr'><strong> </strong></span> 
     </span>
    </p>
   </div>
   <div class='ocr_carea' id='block_1_2' title="bbox 299 631 1325 824">
    <p class='ocr_par' dir='ltr' id='par_1_2' title="bbox 299 631 1325 824">
     <span class='ocr_line' id='line_1_2' title="bbox 299 631 1325 693; baseline 0.003 -3"><span class='ocrx_word' id='word_1_2' title='bbox 299 631 684 690; x_wconf 90' lang='lat' dir='ltr'>LUCIUS</span> <span class='ocrx_word' id='word_1_3' title='bbox 767 631 1325 693; x_wconf 89' lang='lat' dir='ltr'>AMPELIUS</span> 
     </span>
     <span class='ocr_line' id='line_1_3' title="bbox 400 764 1227 824; baseline 0.002 -14"><span class='ocrx_word' id='word_1_4' title='bbox 400 764 719 812; x_wconf 83' lang='lat' dir='ltr'><strong>MACRINO</strong></span> <span class='ocrx_word' id='word_1_5' title='bbox 778 767 913 811; x_wconf 77' lang='lat' dir='ltr'><strong>sno</strong></span> <span class='ocrx_word' id='word_1_6' title='bbox 971 766 1114 812; x_wconf 89' lang='lat' dir='ltr'><strong>SAL.</strong></span> <span class='ocrx_word' id='word_1_7' title='bbox 1173 770 1227 824; x_wconf 84' lang='lat'><strong>†)</strong></span> 
     </span>
    </p>
   </div>
   <div class='ocr_carea' id='block_1_3' title="bbox 675 937 950 947">
    <p class='ocr_par' dir='ltr' id='par_1_3' title="bbox 675 937 950 947">
     <span class='ocr_line' id='line_1_4' title="bbox 675 937 950 947; baseline 0 2173"><span class='ocrx_word' id='word_1_8' title='bbox 675 937 950 947; x_wconf 95' lang='lat' dir='ltr'><strong> </strong></span> 
     </span>
    </p>
   </div>
   <div class='ocr_carea' id='block_1_4' title="bbox 94 1039 1532 1273">
    <p class='ocr_par' dir='ltr' id='par_1_4' title="bbox 94 1039 1532 1273">
     <span class='ocr_line' id='line_1_5' title="bbox 94 1039 1531 1130; baseline 0.003 -16"><span class='ocrx_word' id='word_1_9' title='bbox 94 1039 300 1115; x_wconf 81' lang='lat' dir='ltr'>Volenti</span> <span class='ocrx_word' id='word_1_10' title='bbox 319 1072 400 1115; x_wconf 77' lang='lat' dir='ltr'>tibi</span> <span class='ocrx_word' id='word_1_11' title='bbox 423 1072 574 1116; x_wconf 87' lang='lat' dir='ltr'>omnia</span> <span class='ocrx_word' id='word_1_12' title='bbox 600 1088 749 1122; x_wconf 83' lang='lat' dir='ltr'><strong>nosse,</strong></span> <span class='ocrx_word' id='word_1_13' title='bbox 780 1073 936 1130; x_wconf 85' lang='lat' dir='ltr'><strong>scripsi</strong></span> <span class='ocrx_word' id='word_1_14' title='bbox 959 1073 1081 1116; x_wconf 86' lang='lat' dir='ltr'><strong>hunc</strong></span> <span class='ocrx_word' id='word_1_15' title='bbox 1105 1074 1272 1118; x_wconf 83' lang='lat' dir='ltr'>librum</span> <span class='ocrx_word' id='word_1_16' title='bbox 1296 1075 1531 1119; x_wconf 82' lang='lat' dir='ltr'>memoria-</span> 
     </span>
     <span class='ocr_line' id='line_1_6' title="bbox 94 1143 1532 1201; baseline 0.001 -15"><span class='ocrx_word' id='word_1_17' title='bbox 94 1144 185 1186; x_wconf 89' lang='lat' dir='ltr'><strong>lem</strong></span> <span class='ocrx_word' id='word_1_18' title='bbox 211 1144 269 1198; x_wconf 84' lang='lat'><strong>¹),</strong></span> <span class='ocrx_word' id='word_1_19' title='bbox 302 1152 353 1186; x_wconf 87' lang='lat' dir='ltr'><strong>ut</strong></span> <span class='ocrx_word' id='word_1_20' title='bbox 378 1143 525 1195; x_wconf 89' lang='lat' dir='ltr'>noris,</span> <span class='ocrx_word' id='word_1_21' title='bbox 569 1143 674 1200; x_wconf 85' lang='lat' dir='ltr'>quid</span> <span class='ocrx_word' id='word_1_22' title='bbox 705 1143 761 1184; x_wconf 91' lang='lat' dir='ltr'><strong>sit</strong></span> <span class='ocrx_word' id='word_1_23' title='bbox 783 1145 992 1193; x_wconf 87' lang='lat' dir='ltr'>mundus,</span> <span class='ocrx_word' id='word_1_24' title='bbox 1026 1144 1129 1200; x_wconf 87' lang='lat' dir='ltr'>quid</span> <span class='ocrx_word' id='word_1_25' title='bbox 1156 1145 1390 1196; x_wconf 84' lang='lat' dir='ltr'><strong>elementa,</strong></span> <span class='ocrx_word' id='word_1_26' title='bbox 1422 1146 1532 1201; x_wconf 84' lang='lat' dir='ltr'><strong>quid</strong></span> 
     </span>
     <span class='ocr_line' id='line_1_7' title="bbox 97 1213 1527 1273; baseline 0.002 -16"><span class='ocrx_word' id='word_1_27' title='bbox 97 1214 219 1258; x_wconf 82' lang='lat' dir='ltr'>orbis</span> <span class='ocrx_word' id='word_1_28' title='bbox 242 1223 468 1259; x_wconf 83' lang='lat' dir='ltr'>terrarum</span> <span class='ocrx_word' id='word_1_29' title='bbox 487 1213 618 1268; x_wconf 84' lang='lat' dir='ltr'>ferat,</span> <span class='ocrx_word' id='word_1_30' title='bbox 650 1214 724 1256; x_wconf 89' lang='lat' dir='ltr'><strong>vel</strong></span> <span class='ocrx_word' id='word_1_31' title='bbox 740 1214 847 1269; x_wconf 87' lang='lat' dir='ltr'>quid</span> <span class='ocrx_word' id='word_1_32' title='bbox 867 1228 1007 1270; x_wconf 88' lang='lat' dir='ltr'><strong>genus</strong></span> <span class='ocrx_word' id='word_1_33' title='bbox 1024 1214 1274 1259; x_wconf 88' lang='lat' dir='ltr'>humanum</span> <span class='ocrx_word' id='word_1_34' title='bbox 1294 1217 1527 1273; x_wconf 72' lang='lat' dir='ltr'><strong>peregerit.</strong></span> 
     </span>
    </p>
   </div>
   <div class='ocr_carea' id='block_1_5' title="bbox 672 1375 946 1384">
    <p class='ocr_par' dir='ltr' id='par_1_5' title="bbox 672 1375 946 1384">
     <span class='ocr_line' id='line_1_8' title="bbox 672 1375 946 1384; baseline 0 1736"><span class='ocrx_word' id='word_1_35' title='bbox 672 1375 946 1384; x_wconf 95' lang='lat' dir='ltr'><strong> </strong></span> 
     </span>
    </p>
   </div>
   <div class='ocr_carea' id='block_1_6' title="bbox 504 1492 1113 1663">
    <p class='ocr_par' dir='ltr' id='par_1_6' title="bbox 504 1492 1113 1663">
     <span class='ocr_line' id='line_1_9' title="bbox 690 1492 934 1537; baseline -0.008 -2"><span class='ocrx_word' id='word_1_36' title='bbox 690 1492 934 1537; x_wconf 78' lang='lat' dir='ltr'><strong>CARI.</strong></span> 
     </span>
     <span class='ocr_line' id='line_1_10' title="bbox 504 1605 1113 1663; baseline -0.002 0"><span class='ocrx_word' id='word_1_37' title='bbox 504 1608 637 1663; x_wconf 82' lang='lat' dir='ltr'><strong>De</strong></span> <span class='ocrx_word' id='word_1_38' title='bbox 727 1605 1113 1663; x_wconf 77' lang='lat' dir='ltr'><strong>Munda.</strong></span> 
     </span>
    </p>
   </div>
   <div class='ocr_carea' id='block_1_7' title="bbox 94 1751 1527 1882">
    <p class='ocr_par' dir='ltr' id='par_1_7' title="bbox 94 1751 1527 1882">
     <span class='ocr_line' id='line_1_11' title="bbox 208 1751 1527 1812; baseline 0.002 -15"><span class='ocrx_word' id='word_1_39' title='bbox 208 1755 406 1798; x_wconf 82' lang='lat' dir='ltr'><strong>Mundus</strong></span> <span class='ocrx_word' id='word_1_40' title='bbox 435 1759 498 1795; x_wconf 86' lang='lat' dir='ltr'><strong>est</strong></span> <span class='ocrx_word' id='word_1_41' title='bbox 530 1751 804 1795; x_wconf 81' lang='lat' dir='ltr'>universitas</span> <span class='ocrx_word' id='word_1_42' title='bbox 833 1766 1009 1805; x_wconf 83' lang='lat' dir='ltr'><strong>rerum,</strong></span> <span class='ocrx_word' id='word_1_43' title='bbox 1039 1753 1087 1795; x_wconf 88' lang='lat' dir='ltr'><strong>in</strong></span> <span class='ocrx_word' id='word_1_44' title='bbox 1115 1768 1203 1811; x_wconf 91' lang='lat' dir='ltr'><strong>quo</strong></span> <span class='ocrx_word' id='word_1_45' title='bbox 1229 1756 1381 1798; x_wconf 82' lang='lat' dir='ltr'><strong>omnia</strong></span> <span class='ocrx_word' id='word_1_46' title='bbox 1408 1765 1527 1812; x_wconf 84' lang='lat' dir='ltr'><strong>sunt,</strong></span> 
     </span>
     <span class='ocr_line' id='line_1_12' title="bbox 94 1821 1510 1882; baseline 0.001 -13"><span class='ocrx_word' id='word_1_47' title='bbox 94 1834 140 1869; x_wconf 87' lang='lat' dir='ltr'><strong>et</strong></span> <span class='ocrx_word' id='word_1_48' title='bbox 160 1833 285 1869; x_wconf 77' lang='lat' dir='ltr'>extra</span> <span class='ocrx_word' id='word_1_49' title='bbox 311 1839 442 1882; x_wconf 89' lang='lat' dir='ltr'>quem</span> <span class='ocrx_word' id='word_1_50' title='bbox 463 1822 590 1873; x_wconf 88' lang='lat' dir='ltr'>nihil,</span> <span class='ocrx_word' id='word_1_51' title='bbox 622 1823 699 1880; x_wconf 86' lang='lat' dir='ltr'><strong>qui</strong></span> <span class='ocrx_word' id='word_1_52' title='bbox 722 1824 884 1865; x_wconf 76' lang='lat' dir='ltr'><strong>Graec&#39;e</strong></span> <span class='ocrx_word' id='word_1_53' title='bbox 906 1823 1070 1866; x_wconf 82' lang='lat' dir='ltr'>dicitur</span> <span class='ocrx_word' id='word_1_54' title='bbox 1087 1821 1264 1881; x_wconf 81' lang='grc' dir='ltr'><strong><em>κόσμος.</em></strong></span> <span class='ocrx_word' id='word_1_55' title='bbox 1322 1827 1510 1870; x_wconf 88' lang='lat' dir='ltr'><strong>Elemen</strong></span> 
     </span>
    </p>
   </div>
   <div class='ocr_carea' id='block_1_8' title="bbox 96 1962 370 1971">
    <p class='ocr_par' dir='ltr' id='par_1_8' title="bbox 96 1962 370 1971">
     <span class='ocr_line' id='line_1_13' title="bbox 96 1962 370 1971; baseline 0 0"><span class='ocrx_word' id='word_1_56' title='bbox 96 1962 370 1971; x_wconf 95' lang='lat' dir='ltr'><strong> </strong></span> 
     </span>
    </p>
   </div>
   <div class='ocr_carea' id='block_1_9' title="bbox 93 2033 1527 2824">
    <p class='ocr_par' dir='ltr' id='par_1_9' title="bbox 93 2033 1527 2248">
     <span class='ocr_line' id='line_1_14' title="bbox 185 2033 1527 2081; baseline 0.001 -14"><span class='ocrx_word' id='word_1_57' title='bbox 185 2033 226 2078; x_wconf 81' lang='lat'><strong>†)</strong></span> <span class='ocrx_word' id='word_1_58' title='bbox 252 2035 342 2067; x_wconf 88' lang='lat' dir='ltr'><strong>Wer</strong></span> <span class='ocrx_word' id='word_1_59' title='bbox 365 2033 482 2067; x_wconf 87' lang='lat' dir='ltr'><strong>dieser</strong></span> <span class='ocrx_word' id='word_1_60' title='bbox 506 2034 694 2067; x_wconf 69' lang='lat' dir='ltr'><strong><em>Marc-inus</em></strong></span> <span class='ocrx_word' id='word_1_61' title='bbox 718 2043 892 2078; x_wconf 80' lang='lat' dir='ltr'>gewesen</span> <span class='ocrx_word' id='word_1_62' title='bbox 922 2033 997 2075; x_wconf 86' lang='lat' dir='ltr'>sei,</span> <span class='ocrx_word' id='word_1_63' title='bbox 1034 2033 1147 2066; x_wconf 65' lang='lat' dir='ltr'><strong>l5sset</strong></span> <span class='ocrx_word' id='word_1_64' title='bbox 1173 2033 1253 2067; x_wconf 84' lang='lat' dir='ltr'><strong>sich</strong></span> <span class='ocrx_word' id='word_1_65' title='bbox 1281 2033 1390 2068; x_wconf 86' lang='lat' dir='ltr'>nicht</span> <span class='ocrx_word' id='word_1_66' title='bbox 1413 2046 1527 2081; x_wconf 83' lang='lat' dir='ltr'>ange-</span> 
     </span>
     <span class='ocr_line' id='line_1_15' title="bbox 93 2089 1526 2133; baseline -0.001 -8"><span class='ocrx_word' id='word_1_67' title='bbox 93 2091 178 2126; x_wconf 85' lang='lat' dir='ltr'><strong>ben.</strong></span> <span class='ocrx_word' id='word_1_68' title='bbox 202 2091 275 2125; x_wconf 78' lang='lat' dir='ltr'><strong>Die</strong></span> <span class='ocrx_word' id='word_1_69' title='bbox 292 2092 365 2125; x_wconf 80' lang='lat' dir='ltr'><strong>alte</strong></span> <span class='ocrx_word' id='word_1_70' title='bbox 377 2090 622 2124; x_wconf 78' lang='lat' dir='ltr'><strong>Handschrift</strong></span> <span class='ocrx_word' id='word_1_71' title='bbox 642 2090 703 2124; x_wconf 79' lang='lat' dir='ltr'><strong>des</strong></span> <span class='ocrx_word' id='word_1_72' title='bbox 725 2090 923 2122; x_wconf 74' lang='lat' dir='ltr'><em>Salmasius</em></span> <span class='ocrx_word' id='word_1_73' title='bbox 947 2089 1063 2133; x_wconf 80' lang='lat' dir='ltr'>hatte,</span> <span class='ocrx_word' id='word_1_74' title='bbox 1091 2091 1159 2124; x_wconf 85' lang='lat' dir='ltr'><strong>wie</strong></span> <span class='ocrx_word' id='word_1_75' title='bbox 1180 2092 1343 2124; x_wconf 76' lang='lat' dir='ltr'><strong>Pithoeus</strong></span> <span class='ocrx_word' id='word_1_76' title='bbox 1369 2093 1526 2124; x_wconf 82' lang='lat' dir='ltr'><em>Sirmon-</em></span> 
     </span>
     <span class='ocr_line' id='line_1_16' title="bbox 94 2145 1523 2193; baseline 0 -12"><span class='ocrx_word' id='word_1_77' title='bbox 94 2150 160 2182; x_wconf 76' lang='lat' dir='ltr'><strong>dus</strong></span> <span class='ocrx_word' id='word_1_78' title='bbox 192 2160 237 2182; x_wconf 89' lang='lat' dir='ltr'><strong>zu</strong></span> <span class='ocrx_word' id='word_1_79' title='bbox 261 2149 435 2183; x_wconf 83' lang='lat' dir='ltr'>Sidonius</span> <span class='ocrx_word' id='word_1_80' title='bbox 459 2148 685 2193; x_wconf 81' lang='lat' dir='ltr'>Apollinaris</span> <span class='ocrx_word' id='word_1_81' title='bbox 708 2160 744 2193; x_wconf 88' lang='lat' dir='ltr'><strong>p.</strong></span> <span class='ocrx_word' id='word_1_82' title='bbox 772 2153 852 2187; x_wconf 88' lang='lat'>141.</span> <span class='ocrx_word' id='word_1_83' title='bbox 885 2147 1076 2191; x_wconf 85' lang='lat' dir='ltr'>bemerkt‚</span> <span class='ocrx_word' id='word_1_84' title='bbox 1114 2149 1163 2181; x_wconf 80' lang='lat' dir='ltr'><strong>ad</strong></span> <span class='ocrx_word' id='word_1_85' title='bbox 1186 2149 1383 2181; x_wconf 80' lang='lat' dir='ltr'><strong>Marinum.</strong></span> <span class='ocrx_word' id='word_1_86' title='bbox 1440 2145 1523 2191; x_wconf 84' lang='lat' dir='ltr'><strong>Vgl.</strong></span> 
     </span>
     <span class='ocr_line' id='line_1_17' title="bbox 95 2205 786 2248; baseline 0 -8"><span class='ocrx_word' id='word_1_87' title='bbox 95 2205 195 2240; x_wconf 85' lang='lat' dir='ltr'>oben</span> <span class='ocrx_word' id='word_1_88' title='bbox 222 2205 282 2240; x_wconf 87' lang='lat' dir='ltr'><strong>die</strong></span> <span class='ocrx_word' id='word_1_89' title='bbox 305 2205 490 2241; x_wconf 79' lang='lat' dir='ltr'><strong>Abhandl.</strong></span> <span class='ocrx_word' id='word_1_90' title='bbox 516 2206 578 2240; x_wconf 75' lang='lat' dir='ltr'><strong>fib.</strong></span> <span class='ocrx_word' id='word_1_91' title='bbox 603 2206 786 2248; x_wconf 69' lang='lat' dir='ltr'><em>Ampelius.</em></span> 
     </span>
    </p>

    <p class='ocr_par' dir='ltr' id='par_1_10' title="bbox 94 2259 1525 2824">
     <span class='ocr_line' id='line_1_18' title="bbox 185 2259 1525 2307; baseline -0.002 -10"><span class='ocrx_word' id='word_1_92' title='bbox 185 2263 222 2307; x_wconf 92' lang='lat'><strong>1)</strong></span> <span class='ocrx_word' id='word_1_93' title='bbox 244 2265 339 2297; x_wconf 82' lang='lat' dir='ltr'><strong>Man</strong></span> <span class='ocrx_word' id='word_1_94' title='bbox 362 2270 500 2298; x_wconf 82' lang='lat' dir='ltr'>nannte</span> <span class='ocrx_word' id='word_1_95' title='bbox 524 2263 651 2296; x_wconf 82' lang='lat' dir='ltr'><strong>solche</strong></span> <span class='ocrx_word' id='word_1_96' title='bbox 674 2262 840 2301; x_wconf 73' lang='lat' dir='ltr'><strong>Bfieher,</strong></span> <span class='ocrx_word' id='word_1_97' title='bbox 863 2262 904 2295; x_wconf 86' lang='lat' dir='ltr'><strong>in</strong></span> <span class='ocrx_word' id='word_1_98' title='bbox 929 2261 1096 2295; x_wconf 86' lang='lat' dir='ltr'>welchen</span> <span class='ocrx_word' id='word_1_99' title='bbox 1119 2272 1206 2294; x_wconf 79' lang='lat' dir='ltr'><strong>man</strong></span> <span class='ocrx_word' id='word_1_100' title='bbox 1232 2261 1292 2295; x_wconf 85' lang='lat' dir='ltr'><strong>die</strong></span> <span class='ocrx_word' id='word_1_101' title='bbox 1314 2259 1525 2295; x_wconf 78' lang='lat' dir='ltr'><strong>merkwiir-</strong></span> 
     </span>
     <span class='ocr_line' id='line_1_19' title="bbox 96 2318 1524 2366; baseline -0.001 -13"><span class='ocrx_word' id='word_1_102' title='bbox 96 2319 242 2364; x_wconf 84' lang='lat' dir='ltr'><strong>digsten</strong></span> <span class='ocrx_word' id='word_1_103' title='bbox 276 2320 577 2366; x_wconf 79' lang='lat' dir='ltr'>Begebenheiten</span> <span class='ocrx_word' id='word_1_104' title='bbox 612 2321 675 2354; x_wconf 76' lang='lat' dir='ltr'><strong>fiir</strong></span> <span class='ocrx_word' id='word_1_105' title='bbox 704 2319 762 2352; x_wconf 85' lang='lat' dir='ltr'><strong>die</strong></span> <span class='ocrx_word' id='word_1_106' title='bbox 795 2318 1076 2352; x_wconf 78' lang='lat' dir='ltr'><strong>Nachkommen</strong></span> <span class='ocrx_word' id='word_1_107' title='bbox 1110 2319 1390 2362; x_wconf 67' lang='lat' dir='ltr'>aussaewahrte,</span> <span class='ocrx_word' id='word_1_108' title='bbox 1426 2318 1524 2353; x_wconf 82' lang='lat' dir='ltr'>auch</span> 
     </span>
     <span class='ocr_line' id='line_1_20' title="bbox 96 2376 1519 2418; baseline 0.001 -11"><span class='ocrx_word' id='word_1_109' title='bbox 96 2382 201 2410; x_wconf 84' lang='lat' dir='ltr'>sonst</span> <span class='ocrx_word' id='word_1_110' title='bbox 232 2377 334 2411; x_wconf 88' lang='lat' dir='ltr'>noch</span> <span class='ocrx_word' id='word_1_111' title='bbox 365 2380 560 2414; x_wconf 72' lang='lat' dir='ltr'><em>memoriae.</em></span> <span class='ocrx_word' id='word_1_112' title='bbox 631 2379 666 2412; x_wconf 91' lang='lat' dir='ltr'><strong>S.</strong></span> <span class='ocrx_word' id='word_1_113' title='bbox 695 2379 852 2410; x_wconf 72' lang='lat' dir='ltr'><em>Tacitus&#39;</em></span> <span class='ocrx_word' id='word_1_114' title='bbox 877 2376 1010 2410; x_wconf 80' lang='lat' dir='ltr'><strong>Annal.</strong></span> <span class='ocrx_word' id='word_1_115' title='bbox 1046 2377 1109 2418; x_wconf 85' lang='lat' dir='ltr'><strong>VI,</strong></span> <span class='ocrx_word' id='word_1_116' title='bbox 1145 2382 1202 2416; x_wconf 73' lang='grc'><strong>28.</strong></span> <span class='ocrx_word' id='word_1_117' title='bbox 1234 2376 1382 2410; x_wconf 68' lang='grc' dir='ltr'><strong>(ἰεῖίιύε’</strong></span> <span class='ocrx_word' id='word_1_118' title='bbox 1408 2376 1455 2411; x_wconf 90' lang='lat' dir='ltr'><strong>N.</strong></span> <span class='ocrx_word' id='word_1_119' title='bbox 1480 2379 1519 2409; x_wconf 82' lang='lat' dir='ltr'><strong>A.</strong></span> 
     </span>
     <span class='ocr_line' id='line_1_21' title="bbox 97 2432 1521 2478; baseline -0.001 -11"><span class='ocrx_word' id='word_1_120' title='bbox 97 2433 162 2475; x_wconf 84' lang='lat' dir='ltr'><strong>IV,</strong></span> <span class='ocrx_word' id='word_1_121' title='bbox 187 2439 222 2472; x_wconf 88' lang='grc'><strong>6-</strong></span> <span class='ocrx_word' id='word_1_122' title='bbox 248 2439 329 2478; x_wconf 78' lang='lat'><strong>12.‚</strong></span> <span class='ocrx_word' id='word_1_123' title='bbox 369 2437 438 2470; x_wconf 81' lang='lat' dir='ltr'><strong>Cic.</strong></span> <span class='ocrx_word' id='word_1_124' title='bbox 476 2437 582 2472; x_wconf 78' lang='lat' dir='ltr'><strong>Orat.</strong></span> <span class='ocrx_word' id='word_1_125' title='bbox 617 2448 649 2470; x_wconf 90' lang='lat' dir='ltr'><strong>c.</strong></span> <span class='ocrx_word' id='word_1_126' title='bbox 672 2440 728 2475; x_wconf 80' lang='grc'><strong>34.</strong></span> <span class='ocrx_word' id='word_1_127' title='bbox 744 2459 754 2478; x_wconf 83' lang='grc'><em>,</em></span> <span class='ocrx_word' id='word_1_128' title='bbox 790 2435 929 2467; x_wconf 63' lang='lat' dir='ltr'><strong>Sunion.</strong></span> <span class='ocrx_word' id='word_1_129' title='bbox 979 2432 1111 2468; x_wconf 79' lang='lat' dir='ltr'><strong>Claud.</strong></span> <span class='ocrx_word' id='word_1_130' title='bbox 1137 2445 1168 2468; x_wconf 89' lang='lat' dir='ltr'><strong>c.</strong></span> <span class='ocrx_word' id='word_1_131' title='bbox 1195 2435 1228 2469; x_wconf 90' lang='grc'><strong>1.</strong></span> <span class='ocrx_word' id='word_1_132' title='bbox 1255 2444 1292 2467; x_wconf 88' lang='lat' dir='ltr'><strong>u.</strong></span> <span class='ocrx_word' id='word_1_133' title='bbox 1316 2434 1462 2465; x_wconf 74' lang='lat' dir='ltr'><em>Ernesti</em></span> <span class='ocrx_word' id='word_1_134' title='bbox 1485 2444 1521 2467; x_wconf 87' lang='lat' dir='ltr'><strong>u.</strong></span> 
     </span>
     <span class='ocr_line' id='line_1_22' title="bbox 101 2489 1521 2538; baseline 0.001 -17"><span class='ocrx_word' id='word_1_135' title='bbox 101 2489 318 2534; x_wconf 78' lang='lat' dir='ltr'><strong><em>Oudendorp.</em></strong></span> <span class='ocrx_word' id='word_1_136' title='bbox 341 2503 385 2525; x_wconf 88' lang='lat' dir='ltr'><strong>zu</strong></span> <span class='ocrx_word' id='word_1_137' title='bbox 410 2494 548 2526; x_wconf 80' lang='lat' dir='ltr'><strong>Sueten.</strong></span> <span class='ocrx_word' id='word_1_138' title='bbox 574 2495 666 2538; x_wconf 85' lang='lat' dir='ltr'>Aug.</span> <span class='ocrx_word' id='word_1_139' title='bbox 694 2504 728 2527; x_wconf 88' lang='lat' dir='ltr'><strong>e.</strong></span> <span class='ocrx_word' id='word_1_140' title='bbox 753 2496 810 2530; x_wconf 88' lang='lat'><strong>79.</strong></span> <span class='ocrx_word' id='word_1_141' title='bbox 836 2489 942 2523; x_wconf 78' lang='lat' dir='ltr'><strong>Nach</strong></span> <span class='ocrx_word' id='word_1_142' title='bbox 973 2490 1107 2524; x_wconf 75' lang='lat' dir='ltr'><em>Gellius</em></span> <span class='ocrx_word' id='word_1_143' title='bbox 1132 2492 1220 2534; x_wconf 89' lang='lat' dir='ltr'>(IV,</span> <span class='ocrx_word' id='word_1_144' title='bbox 1243 2496 1300 2530; x_wconf 75' lang='lat'><strong>20.</strong></span> <span class='ocrx_word' id='word_1_145' title='bbox 1328 2490 1372 2533; x_wconf 88' lang='lat' dir='ltr'><strong>V,</strong></span> <span class='ocrx_word' id='word_1_146' title='bbox 1398 2495 1431 2529; x_wconf 84' lang='lat'><strong>6.</strong></span> <span class='ocrx_word' id='word_1_147' title='bbox 1459 2489 1521 2531; x_wconf 90' lang='lat' dir='ltr'><strong>VI,</strong></span> 
     </span>
     <span class='ocr_line' id='line_1_23' title="bbox 96 2546 1520 2593; baseline -0.001 -13"><span class='ocrx_word' id='word_1_148' title='bbox 96 2547 146 2589; x_wconf 92' lang='lat'><strong>7.)</strong></span> <span class='ocrx_word' id='word_1_149' title='bbox 172 2546 319 2580; x_wconf 85' lang='lat' dir='ltr'><strong>schrieh</strong></span> <span class='ocrx_word' id='word_1_150' title='bbox 345 2551 531 2583; x_wconf 66' lang='lat' dir='ltr'><strong>Masurius</strong></span> <span class='ocrx_word' id='word_1_151' title='bbox 557 2551 706 2583; x_wconf 79' lang='lat' dir='ltr'><strong><em>Sabinus</em></strong></span> <span class='ocrx_word' id='word_1_152' title='bbox 731 2547 1135 2593; x_wconf 76' lang='lat' dir='ltr'><strong>Denkwiirdigkeiten‚</strong></span> <span class='ocrx_word' id='word_1_153' title='bbox 1166 2547 1318 2582; x_wconf 70' lang='lat' dir='ltr'>5hnlich</span> <span class='ocrx_word' id='word_1_154' title='bbox 1353 2547 1426 2580; x_wconf 80' lang='lat' dir='ltr'><strong>den</strong></span> <span class='ocrx_word' id='word_1_155' title='bbox 1450 2547 1520 2580; x_wconf 82' lang='lat' dir='ltr'><strong>Ta-</strong></span> 
     </span>
     <span class='ocr_line' id='line_1_24' title="bbox 95 2603 1520 2651; baseline -0.001 -14"><span class='ocrx_word' id='word_1_156' title='bbox 95 2603 311 2649; x_wconf 76' lang='lat' dir='ltr'>gebiichern</span> <span class='ocrx_word' id='word_1_157' title='bbox 354 2606 659 2651; x_wconf 81' lang='lat' dir='ltr'>(commentarii)</span> <span class='ocrx_word' id='word_1_158' title='bbox 699 2605 771 2639; x_wconf 83' lang='lat' dir='ltr'><strong>Jul.</strong></span> <span class='ocrx_word' id='word_1_159' title='bbox 806 2608 964 2639; x_wconf 73' lang='lat' dir='ltr'><em>Caesar-’e</em></span> <span class='ocrx_word' id='word_1_160' title='bbox 1004 2607 1065 2639; x_wconf 76' lang='lat' dir='ltr'><strong>fib.</strong></span> <span class='ocrx_word' id='word_1_161' title='bbox 1104 2606 1139 2639; x_wconf 88' lang='lat' dir='ltr'><strong>d.</strong></span> <span class='ocrx_word' id='word_1_162' title='bbox 1176 2604 1361 2640; x_wconf 80' lang='lat' dir='ltr'><strong>Gallisch.</strong></span> <span class='ocrx_word' id='word_1_163' title='bbox 1395 2603 1520 2648; x_wconf 84' lang='lat' dir='ltr'><strong>Krieg.</strong></span> 
     </span>
     <span class='ocr_line' id='line_1_25' title="bbox 94 2660 1519 2708; baseline -0.001 -13"><span class='ocrx_word' id='word_1_164' title='bbox 94 2660 168 2695; x_wconf 88' lang='lat' dir='ltr'><strong>Die</strong></span> <span class='ocrx_word' id='word_1_165' title='bbox 194 2661 381 2695; x_wconf 83' lang='lat' dir='ltr'><strong>Gn‘echen</strong></span> <span class='ocrx_word' id='word_1_166' title='bbox 404 2673 550 2697; x_wconf 88' lang='lat' dir='ltr'>nennen</span> <span class='ocrx_word' id='word_1_167' title='bbox 574 2665 628 2698; x_wconf 87' lang='lat' dir='ltr'><strong>sie</strong></span> <span class='ocrx_word' id='word_1_168' title='bbox 657 2661 1055 2708; x_wconf 80' lang='grc' dir='ltr'><strong><em>Ἀπομνημονεύματα,</em></strong></span> <span class='ocrx_word' id='word_1_169' title='bbox 1091 2663 1159 2696; x_wconf 84' lang='lat' dir='ltr'><strong>wie</strong></span> <span class='ocrx_word' id='word_1_170' title='bbox 1189 2665 1257 2697; x_wconf 76' lang='lat' dir='ltr'><strong>wir</strong></span> <span class='ocrx_word' id='word_1_171' title='bbox 1280 2660 1519 2707; x_wconf 82' lang='lat' dir='ltr'>dergleichen</span> 
     </span>
     <span class='ocr_line' id='line_1_26' title="bbox 94 2718 1520 2762; baseline 0.001 -12"><span class='ocrx_word' id='word_1_172' title='bbox 94 2728 170 2751; x_wconf 86' lang='lat' dir='ltr'><strong>von</strong></span> <span class='ocrx_word' id='word_1_173' title='bbox 193 2718 387 2762; x_wconf 75' lang='lat' dir='ltr'><strong><em>xenophon</em></strong></span> <span class='ocrx_word' id='word_1_174' title='bbox 418 2720 480 2754; x_wconf 77' lang='lat' dir='ltr'><strong>iib.</strong></span> <span class='ocrx_word' id='word_1_175' title='bbox 506 2721 678 2754; x_wconf 81' lang='lat' dir='ltr'><strong>Sokrates</strong></span> <span class='ocrx_word' id='word_1_176' title='bbox 703 2722 876 2755; x_wconf 77' lang='lat' dir='ltr'><strong>besitzen.</strong></span> <span class='ocrx_word' id='word_1_177' title='bbox 934 2721 1010 2754; x_wconf 83' lang='lat' dir='ltr'><strong>Das</strong></span> <span class='ocrx_word' id='word_1_178' title='bbox 1043 2720 1242 2754; x_wconf 82' lang='lat' dir='ltr'><em>memoriale</em></span> <span class='ocrx_word' id='word_1_179' title='bbox 1267 2719 1356 2754; x_wconf 82' lang='lat' dir='ltr'>oder</span> <span class='ocrx_word' id='word_1_180' title='bbox 1379 2729 1520 2752; x_wconf 86' lang='lat' dir='ltr'>memo-</span> 
     </span>
     <span class='ocr_line' id='line_1_27' title="bbox 94 2774 1518 2824; baseline -0.001 -16"><span class='ocrx_word' id='word_1_181' title='bbox 94 2774 211 2811; x_wconf 78' lang='lat' dir='ltr'><strong>rabile</strong></span> <span class='ocrx_word' id='word_1_182' title='bbox 235 2776 442 2822; x_wconf 86' lang='lat' dir='ltr'><strong>entspricht</strong></span> <span class='ocrx_word' id='word_1_183' title='bbox 467 2777 553 2812; x_wconf 85' lang='lat' dir='ltr'><strong>dem</strong></span> <span class='ocrx_word' id='word_1_184' title='bbox 578 2777 731 2812; x_wconf 83' lang='lat' dir='ltr'><strong>Griech.</strong></span> <span class='ocrx_word' id='word_1_185' title='bbox 756 2774 1004 2823; x_wconf 77' lang='grc' dir='ltr'><strong><em>μνημόσυνον.</em></strong></span> <span class='ocrx_word' id='word_1_186' title='bbox 1031 2778 1115 2824; x_wconf 87' lang='lat' dir='ltr'><strong>Vgl.</strong></span> <span class='ocrx_word' id='word_1_187' title='bbox 1142 2780 1297 2812; x_wconf 72' lang='lat' dir='ltr'><strong>Martia.</strong></span> <span class='ocrx_word' id='word_1_188' title='bbox 1322 2776 1407 2812; x_wconf 86' lang='lat' dir='ltr'><strong>Lex.</strong></span> <span class='ocrx_word' id='word_1_189' title='bbox 1433 2774 1518 2820; x_wconf 77' lang='lat' dir='ltr'><strong>phi-</strong></span> 
     </span>
    </p>
   </div>
   <div class='ocr_carea' id='block_1_10' title="bbox 1000 2843 1021 2883">
    <p class='ocr_par' dir='ltr' id='par_1_11' title="bbox 1000 2843 1021 2883">
     <span class='ocr_line' id='line_1_28' title="bbox 1000 2843 1021 2883; baseline 0 0"><span class='ocrx_word' id='word_1_190' title='bbox 1000 2843 1021 2883; x_wconf 91' lang='lat'>1</span> 
     </span>
    </p>
   </div>
  </div>
 </body>
</html>
