1747 3120
189 167 273 197 xlv

275 291 344 335 20)
365 293 406 325 In
448 291 604 328 Glossar.
644 287 727 326 m'ed.
759 270 793 326 vet
819 294 929 338 infim.
964 297 1156 332 Latinitat.
1197 302 1234 335 T.
1274 303 1338 335 JV.
1368 316 1401 347 p.
1426 308 1503 344 660.
1532 317 1558 337 ε.
1585 318 1613 340 υ.

186 350 408 383 memorialis.

274 423 337 466 21)
363 424 406 455 111
434 424 684 457 Commentan
712 423 756 457 de
781 423 876 458 Bibl.
904 426 1044 460 Caesar.
1072 427 1120 470 ΙΙ,
1146 435 1178 467 5.

273 496 336 539 22)
362 497 446 537 ΧΠ,
471 502 526 534 29.
548 503 583 536 2,

196 569 199 576 ⁴
228 552 231 560 ³
260 567 336 621 ¹23)
361 568 422 602 De
445 565 747 608 Officiisvdomx'z's
775 578 960 622 Augustae
985 577 1051 619 III,
1076 581 1109 615 7-
1134 575 1178 602 ὲ-

838 690 874 745 §.
916 695 956 735 4.

256 767 260 772 ’
290 766 525 810 Dedicavit
542 777 692 813 autem
710 772 944 827 Macrino,
967 775 1022 818 de
1039 789 1150 831 quo,
1171 774 1268 829 quis
1289 775 1487 831 qualisve
1506 775 1610 819 sue-

178 836 258 890 rit,
289 837 448 880 afferre
464 848 555 881 non
576 856 774 898 possum,
796 861 941 903 neque.
959 846 1066 890 alius
1086 845 1302 902 quispiam
1326 847 1483 889 attulit.
1515 848 1611 890 Hoc

178 908 480 951 unnm'omitti
502 926 587 953 non
614 913 760 968 debet,
779 916 980 960 Salmasii
1006 925 1132 958 vetus
1153 916 1386 972 exemplar
1406 916 1610 961 habuisse

177 978 242 1020 acl
260 971 542 1030 Μηςνὶηιιηι,
576 991 619 1025 at
648 984 796 1041 aliter,
838 988 900 1029 ad
925 988 1183 1037 Marinum,
1217 986 1350 1027 fuisse
1381 986 1427 1027 in
1449 987 1612 1029 Codice

175 1049 436 1092 Divionensi
462 1053 767 1099 affirmaverat
791 1059 1014 1105 Pithoeus
1042 1056 1306 1109 Sirmondo,
1349 1057 1411 1099 uti
1443 1056 1516 1099 hic
1534 1072 1611 1100 re-

178 1116 337 1162 Ιειψέἰά
361 1121 594 1166 Sidonium
619 1127 926 1183 Apollinarem
949 1128 1032 1179 ²4).
1111 1130 1114 1132 ’

266 1197 327 1248 24)
354 1216 385 1241 c.
412 1205 436 1239 1.
462 1217 497 1252 p.
528 1212 602 1247 141.

837 1299 876 1357 g.
915 1302 955 1345 5.

288 1379 475 1422 Diversa
503 1388 717 1437 expertus
744 1391 808 1425 est
840 1384 914 1425 hic
932 1384 1043 1426 liber
1064 1384 1300 1427 hominum
1326 1386 1607 1429 eruditorum

171 1447 349 1505 judicia.
410 1449 604 1508 Culpant
623 1452 718 1505 alii,
739 1455 813 1497 alii
831 1454 953 1510 iique
970 1455 1198 1511 pauciores
1214 1456 1412 1501 laudant.
1471 1456 1608 1500 Futi-

171 1520 231 1562 Zc's
255 1527 436 1562 vocatur
455 1536 480 1562 a
505 1521 603 1563 viro
621 1523 748 1566 docto
771 1525 816 1566 in
838 1524 960 1567 Actis
982 1525 1277 1568 Eruditorum
1303 1528 1401 1580 2⁵)‚·
1435 1529 1514 1570 vix
1535 1528 1607 1570 di-

169 1605 304 1647 gnus,
353 1591 425 1632 cui
462 1590 722 1635 beneficium
765 1596 942 1636 demtae
974 1596 1177 1636 maculae
1212 1596 1498 1650 conferatur,
1549 1599 1606 1641 ab

169 1662 516 1707 Hemsterlzzcsio
535 1664 590 1705 ad
610 1665 797 1708 Luciani
817 1665 1021 1720 Dialogos
1044 1666 1244 1707 Deorum
1271 1669 1357 1716 26).
1415 1668 1466 1710 In
1486 1674 1607 1719 utro—

170 1749 258 1791 que
286 1733 481 1775 concinit
513 1733 742 1779 Duker-as.
812 1736 979 1778 Contra
1007 1736 1093 1778 stili
1118 1736 1485 1790 concinnitatem,
1527 1753 1607 1780 re-

168 1817 363 1859 rumque
395 1805 718 1860 plurimarum‚
768 1822 877 1865 quas
912 1807 1093 1848 aliunde
1129 1823 1221 1849 non
1262 1809 1388 1851 liceat
1414 1825 1604 1858 sumere.

169 1875 416 1917 novitatem
436 1876 571 1930 jactat
589 1878 807 1934 praefatio
828 1878 1009 1921 editioni
1026 1877 1153 1920 alteri
1175 1880 1243 1928 2⁷)
1266 1880 1483 1935 praefixa3
1515 1882 1604 1923 ele-

170 1954 348 2002 gamem
370 1948 631 1990 varietatem
644 1980 657 2001 ‚
688 1964 775 2004 qua
795 1950 1072 1993 narrationes
1092 1950 1222 1992 totius
1241 1951 1361 1993 orbis
1386 1951 1605 1994 celebrio-

169 2033 239 2059 res
259 2017 458 2060 breviter
483 2020 827 2077 complectatur,
870 2019 1112 2064 Fabricius
1142 2020 1188 2062 in
1218 2020 1488 2065 Bibliotheca
1514 2023 1605 2066 La-

170 2089 363 2141 tina28),
388 2091 563 2133 nudum
587 2100 632 2133 et
648 2091 893 2149 simplicem
915 2091 1065 2133 stilum
1079 2091 1496 2135 OlausBorrichias
1517 2096 1602 2144 Ζ9).

170 2163 366 2216 Dignum
387 2162 520 2204 etiam
545 2162 725 2218 quidam
746 2170 1028 2215 censuerunt,
1050 2161 1119 2203 cui
1140 2162 1429 2204 emaculando
1448 2170 1490 2204 et
1507 2178 1605 2219 pas-

170 2235 253 2275 sim
273 2233 536 2276 illustrando
555 2249 736 2292 operam
766 2249 890 2275 suam
913 2233 1095 2283 darent,
1135 2231 1183 2273 in
1206 2232 1364 2287 quibus
1380 2233 1603 2275 Mancke-

171 2321 269 2356 rus,
308 2304 356 2346 F
354 2305 678 2359 reinslzemias,
724 2303 968 2353 Heinsius,
1019 2302 1291 2346 Perizonius
1319 2310 1365 2345 et
1391 2303 1601 2346 Dakeras

169 2377 409 2435 praecipue
432 2376 693 2418 nominandi
713 2383 827 2418 sunt.
886 2377 942 2416 In
960 2375 1046 2416 hoc
1061 2373 1379 2416 sententiarum
1402 2373 1600 2415 divortio

168 2449 269 2501 etsi,
300 2447 406 2504 quid
426 2455 545 2490 recte
567 2447 853 2489 statuendum
875 2453 1011 2497 esset,
1049 2445 1102 2487 ad
1125 2446 1343 2487 lectorum
1363 2444 1600 2487 arbitrium

168 2519 406 2562 commode
435 2518 596 2560 deferri
622 2533 747 2574 posse
774 2517 1030 2565 videbatur,
1073 2513 1193 2570 quod
1226 2528 1447 2571 occupare
1477 2515 1598 2565 nolo,

168 2601 340 2643 tamen,
365 2605 468 2632 cum
494 2589 673 2632 editoris
692 2596 837 2644 partes
857 2588 1059 2644 exigant,
1086 2586 1133 2627 in
1162 2584 1339 2641 primis,
1380 2585 1598 2642 quijuve-

168 2678 277 2705 num
309 2661 417 2704 tutis
450 2661 599 2703 usibus
627 2661 877 2702 consultum
899 2659 1030 2710 velit,
1075 2665 1126 2699 ut
1165 2655 1404 2697 collocatae
1435 2666 1598 2709 operae

168 2749 345 2777 causam
379 2741 421 2776 et
453 2735 672 2776 rationem
709 2733 920 2783 declaret,
960 2736 1282 2783 auctoremque
1310 2738 1440 2767 suum
1469 2737 1598 2764 corn-
