1699 3136
587 196 708 226 CAP.
754 197 955 227 xxxii.
1415 194 1494 234 115

64 286 181 328 bello
208 283 465 341 perdomuit
485 283 568 325 sub
588 284 797 327 Mancino
821 286 856 337 3)
891 286 1021 329 Cons.
1052 293 1096 328 et
1114 285 1319 343 Scipione
1337 286 1494 329 Aemi-

61 357 193 398 liano.
249 355 394 397 Bellus
415 356 482 408 ⁴),
510 356 606 400 Rex
641 357 901 410 Armeniae3
931 356 1030 414 qui,
1062 372 1165 398 cum
1197 357 1414 414 impetum
1444 358 1492 399 in

62 424 299 470 Graeciam
318 424 518 478 fecisset,
549 435 593 468 et
614 426 761 482 Pythii
789 429 1006 483 Apollinis
1028 428 1247 484 templum
1270 427 1491 469 incendis-

61 505 145 547 set,
175 504 435 553 tempestate
456 505 500 539 et
514 497 676 554 frigore
696 500 943 542 exercitum
968 499 1128 542 amisit.
1169 499 1421 555 Polycrates
1437 498 1490 553 3)‚

58 569 155 611 Rex
193 567 523 624 Cappadociae3
579 568 653 624 qui
684 569 920 611 somniavit
948 568 1096 612 Solem
1126 575 1168 609 et
1194 569 1368 611 Lunam
1398 568 1489 620 uri3

58 638 135 693 qui
164 654 190 680 a
219 637 442 696 praefecto
467 639 503 694 ⁶)
533 638 659 681 Darii
691 640 857 682 occisus
887 647 960 683 est.
1018 639 1272 694 Epaminon
1301 640 1363 696 ⁷),
1394 640 1489 694 ejus

56 708 198 761 fiIIus,
225 724 324 758 rex3
356 709 432 765 qui
457 709 632 752 Thebas
656 711 932 754 Graecorum
964 710 1203 766 pugnando
1232 709 1353 752 vicit.
1400 709 1489 752 Pe-

55 779 234 822 riander
263 794 366 832 rex,
407 781 482 835 qui
524 781 734 823 Corinthi
757 783 794 835 8)
831 782 1060 838 regnavit3
1102 780 1254 823 omnia
1287 788 1409 822 terra
1442 786 1489 821 et

56 851 170 893 mari
200 851 427 894 Romanus
459 849 705 908 subjugavit
736 854 791 906 9).
851 853 1113 904 Timoleon,
1162 852 1239 907 qui
1278 848 1487 893 Corinthi

53 920 242 963 fratrem
263 922 318 973 10)
348 937 480 964 suum
505 930 767 979 regnantem
795 922 1031 966 interfecit.
1090 923 1215 965 Idem
1249 930 1292 964 et
1317 921 1485 977 Diony·

52 992 188 1045 sium,
228 992 405 1035 Siciliae
434 1008 606 1049 regem,
646 994 839 1050 expulit,
875 1009 1020 1050 neque
1044 994 1137 1050 ipse
1166 991 1220 1035 ab
1252 988 1486 1032 offerenti-

52 1062 134 1104 bus
168 1077 358 1119 regnum
391 1064 584 1121 accepit,
629 1065 706 1107 sed
747 1080 893 1106 arcem
937 1080 1116 1121 quoque
1145 1062 1379 1117 demolitus
1408 1067 1483 1103 est.

53 1130 158 1182 Hic,
187 1146 287 1173 cum
309 1134 503 1176 convicia
527 1136 643 1178 mala
671 1136 869 1186 audiret,
901 1135 987 1177 ait:
1036 1137 1181 1177 Tota
1210 1133 1332 1174 vita
1362 1144 1483 1173 mea

53 1203 106 1245 id
138 1203 246 1260 egi,
277 1212 334 1246 ut
365 1221 550 1249 omnes
579 1207 755 1249 liberi
784 1220 1046 1249 essemus.

141 1442 181 1485 3)
206 1442 311 1475 Nach
331 1441 400 1474 den
420 1444 522 1476 Fasti
540 1444 582 1476 A.
603 1443 637 1476 U
666 1449 744 1482 608.
770 1443 949 1477 Hostilius
968 1442 1183 1476 Mancinus.

138 1499 179 1542 4)
204 1499 322 1532 Duker
348 1499 498 1544 glaubt,
524 1501 605 1533 dass
636 1500 716 1534 sich
745 1500 820 1534 dies
851 1500 919 1533 auf
940 1501 1131 1540 Brennus,
1158 1498 1223 1530 der
1244 1495 1391 1529 Gallier
1412 1495 1481 1528 An-

48 1555 194 1597 fiihrer,
219 1556 377 1589 beziehe.
409 1557 447 1591 S.
465 1560 593 1591 Justin.
615 1564 679 1598 24,
705 1565 737 1596 6.
762 1577 808 1582 -
841 1557 961 1590 Allein
981 1559 1143 1588 Brennus
1168 1555 1355 1598 belagerte
1382 1552 1481 1586 wohl

51 1611 120 1644 den
151 1612 394 1656 delphischen
415 1613 589 1657 Tempel,
615 1614 769 1646 ziindete
793 1613 860 1646 ihn
886 1614 974 1646 aber
998 1612 1101 1646 nicht
1124 1623 1184 1645 an.
1223 1610 1304 1654 Vgl.
1326 1613 1479 1643 Pausan-

49 1670 102 1711 X,
127 1673 183 1707 23.

139 1725 180 1770 5)
205 1726 328 1760 Ueber
346 1726 581 1771 Polykrates,
605 1727 804 1771 Tyrannen
832 1735 906 1758 von
929 1725 1058 1759 Samos
1082 1735 1110 1758 ε.
1132 1722 1297 1757 Ile-rodat.
1321 1723 1398 1766 III,
1422 1727 1478 1762 39.

48 1783 76 1819 f.
96 1794 131 1818 u.
149 1795 179 1816 c.
202 1789 280 1822 124.

138 1841 178 1885 6)
203 1842 251 1874 Es
273 1852 349 1874 war
371 1842 540 1877 Oroetes.
572 1840 608 1875 S.
631 1840 796 1873 Herodes.
821 1850 853 1873 a.
877 1850 909 1872 a.
933 1840 979 1875 O.
1013 1837 1135 1874 Valer.
1159 1839 1266 1870 Max.
1286 1838 1357 1878 VI,
1382 1843 1414 1875 9.
1445 1841 1478 1875 5.

49 1901 118 1942 (wo
139 1898 259 1942 einige
280 1898 423 1932 Orontes
441 1900 584 1941 lesen),
613 1900 684 1931 Cic.
708 1896 752 1929 de
771 1896 849 1929 Fin.
865 1897 917 1939 V,
942 1901 998 1935 30.
1033 1895 1126 1930 Sehr
1147 1894 1387 1928 abweichend
1407 1906 1479 1928 von

47 1956 237 2000 Ampelius
266 1957 437 1990 erziihlen
469 1959 615 1991 Diodor.
642 1955 712 1989 Sic.
739 1953 779 1986 in
808 1954 969 1999 Eccloga
992 1959 1050 1994 31.
1085 1964 1120 1989 u.
1144 1954 1285 1986 Ktesias
1314 1952 1353 1984 in
1382 1951 1478 1986 Hist.

47 2014 188 2049 Persic.
210 2014 401 2058 Excerptis
427 2014 462 2048 S.
485 2019 563 2053 816.
589 2012 644 2048 ed.
662 2012 883 2056 WVesscling.

136 2071 177 2115 7)
201 2071 375 2105 Heinsius
406 2083 441 2106 u.
465 2071 679 2104 Perizonius
706 2071 943 2103 verbessern:
989 2068 1274 2113 Epaminonda-9,
1318 2065 1478 2101 welcher

46 2128 321 2174 Verbesserung
342 2130 429 2163 aber
443 2128 560 2160 Duker
578 2126 850 2172 widerspricht.

135 2184 176 2227 8)
201 2185 291 2218 Dies
313 2186 484 2220 erziihlen
504 2184 599 2218 auch
618 2185 774 2218 Andere.

136 2242 177 2286 9)
201 2243 379 2277 Dasselbe
396 2245 505 2277 lVort
524 2243 589 2276 hat
610 2241 706 2276 auch
726 2243 871 2286 Eutrop.
892 2240 961 2283 IV,
987 2244 1042 2278 17.
1068 2239 1135 2281 (8.)

115 2299 177 2343 10)
205 2300 285 2345 Vgl.
303 2301 421 2346 Nepos
439 2307 505 2344 20,
536 2307 567 2339 1.
586 2305 619 2339 3.
648 2299 694 2343 (c.
712 2305 746 2338 2,
769 2309 804 2335 u.
822 2297 868 2340 3.)
893 2297 1014 2338 „Cum
1037 2295 1154 2328 frater
1177 2295 1253 2337 ejus
1272 2293 1476 2340 Timopha-

48 2366 112 2388 nes
125 2382 134 2399 ,
161 2356 232 2389 dux
249 2369 270 2390 a
287 2358 490 2391 Corinthiis
511 2357 673 2390 delectus
687 2382 697 2400 ,
721 2355 958 2400 tyrannidem
976 2365 1041 2398 per
1059 2353 1197 2386 milites
1225 2352 1477 2385 mercenarios

49 2420 283 2458 occupasset,
317 2415 574 2459 particepsque
601 2414 706 2458 regni
732 2418 856 2457 posset
880 2422 978 2444 esse:
1005 2416 1151 2444 tantum
1174 2409 1293 2443 abfuit
1315 2420 1336 2441 a
1359 2408 1477 2441 socie-

48 2477 124 2504 tate
143 2471 313 2515 sceleris,
339 2476 381 2504 ut
399 2471 612 2504 antetulerit
627 2481 782 2504 suorum
803 2469 939 2502 civium
959 2469 1169 2501 libertatem
1190 2465 1320 2500 fratris
1346 2466 1475 2507 saluti3

50 2534 86 2561 et
105 2528 247 2572 patriae
266 2539 397 2573 parere
411 2528 575 2571 legibus,
601 2538 710 2573 quam
725 2527 926 2569 imperare,
952 2525 1066 2558 satius
1096 2525 1210 2558 duxit.
1253 2524 1333 2556 Hac
1353 2528 1478 2556 mente

48 2597 116 2629 per
139 2585 392 2630 haruspicem,
419 2595 731 2629 communemque
752 2584 922 2626 affinem,
949 2583 1008 2616 cui
1032 2594 1162 2623 soror,
1189 2591 1231 2614 ex
1255 2579 1386 2611 iisdem
1413 2590 1476 2622 pa-

47 2643 215 2676 rentibus
243 2649 350 2686 nata,
373 2648 491 2688 nupta
519 2647 618 2686 erat,
643 2641 802 2675 fratrem
821 2646 1025 2686 tyrannum
1044 2636 1346 2673 interficiendum
1370 2646 1476 2669 cura—

48 2700 138 2734 vit.“
158 2719 203 2726 —

1141 2807 1203 2851 8*
