1747 3120
669 172 791 204 cAP.
830 172 952 204 xiv.
1446 169 1502 208 69

73 272 290 322 tyrannos
313 266 386 315 ¹⁷)
405 262 630 320 imposuit.
687 261 976 320 Xanthippus
1002 263 1088 320 ¹⁸),
1109 263 1182 305 vir
1202 263 1502 306 Lacedaemo-

72 335 254 377 niorum
276 333 565 384 fortissimus,
595 332 670 390 qui
702 333 814 374 bello
835 333 1005 375 Punico
1025 334 1196 390 primus
1218 337 1288 385 19)
1311 333 1501 376 Cartha-

71 404 340 462 giniensibus
360 404 452 446 dux
471 405 631 446 missus
652 403 873 459 Regulum
903 400 1031 461 cepit.
1091 404 1318 460 Agesilaus
1332 437 1344 457 ‚
1374 406 1500 459 cujus

72 476 304 519 inventum
329 482 405 526 est,
436 474 481 516 in
500 474 662 525 hostili,
693 488 828 530 quam
852 477 925 526 20)
944 474 990 514 in
1013 489 1092 516 sua
1111 482 1246 526 terra,
1275 489 1499 532 pugnare3

71 544 257 602 ideoque
280 544 326 586 in
354 545 503 587 Asiam
536 545 709 596 misam,
740 551 911 586 vastata
939 559 1010 596 ea,
1037 560 1139 586 cum
1167 546 1259 602 jam
1279 546 1389 602 Regi
1410 546 1500 587 im-

70 616 279 669 minei-et,
311 622 545 657 revocatus
566 616 856 658 Athenienses
876 614 996 671 apud
1019 614 1264 657 Crotonem
1287 618 1359 670 2¹)
1379 616 1498 659 vicit.

70 687 231 729 Postea
267 687 387 744 apud
423 685 671 729 Corinthios
699 686 826 729 flevit
857 687 954 738 ²2),
1012 687 1132 742 quod
1173 686 1327 729 decem
1362 686 1499 730 millia

66 856 231 891 Frontin.
252 856 307 899 ΙΙ,
338 861 368 895 1.
395 860 448 894 18.
473 853 728 889 verbesserten
755 858 1058 902 Aegospotamos.
1107 858 1152 891 Es
1180 869 1258 890 war
1285 856 1368 891 eine
1392 855 1498 891 Stadt

65 915 119 948 im
148 913 401 948 Chersonesos
431 911 615 946 Thracica
645 925 706 946 am
736 913 840 947 Fluss
864 915 1006 959 Aegos,
1040 925 1097 947 wo
1126 914 1318 959 Lysander
1337 920 1405 953 405
1432 925 1499 946 vor

66 971 155 1005 Chr.
174 970 245 1004 den
265 970 487 1004 beriihmten
508 970 594 1014 Sieg
624 969 792 1013 erfoeht,
818 970 883 1004 der
903 971 974 1004 den
1002 971 1362 1016 peloponnesischen
1385 971 1498 1016 Krieg

64 1039 147 1061 zum
169 1027 337 1062 Vortheil
367 1027 431 1060 der
451 1027 651 1071 Spartaner
682 1027 884 1061 entschied.
924 1029 1121 1061 Tzsclzucke
1146 1029 1283 1071 mestit,
1309 1028 1496 1073 Ampelius

0 1087 1 1090 ’
64 1084 160 1118 habe
194 1081 396 1128 Ποταμοὺς
420 1084 684 1129 geschrieben,
726 1097 872 1119 woraus
903 1086 961 1120 die
990 1085 1303 1120 Unerfahrenheit
1330 1086 1397 1120 der
1424 1085 1495 1119 Ab·

64 1142 252 1176 schreiber
272 1145 405 1183 primus
429 1141 601 1186 gemacht
623 1142 738 1178 hatte.

154 1200 217 1244 17)
240 1201 369 1234 lustin.
389 1200 441 1241 V,
468 1204 501 1237 8.
524 1203 559 1237 9.
583 1207 751 1242 rectores,
777 1202 838 1244 qui
854 1193 950 1243 stibii
973 1202 1122 1246 tyranni.
1155 1201 1202 1235 So
1227 1199 1325 1234 auch
1350 1201 1495 1232 Dt'oclor.

65 1259 136 1293 Sic.
162 1259 265 1302 XlV,
291 1262 325 1296 3.
371 1256 460 1289 Ihre
484 1255 628 1288 Namen
659 1256 724 1289 hat
748 1257 939 1300 Xenophon
971 1258 1011 1290 in
1035 1269 1063 1291 s.
1089 1258 1185 1292 Hist.
1227 1259 1294 1291 Gr.
1323 1258 1380 1298 II,
1403 1262 1438 1296 3.
1463 1263 1495 1295 2.

63 1315 308 1349 ausbewahrt.
355 1313 425 1346 Die
456 1302 721 1346 vornehmsten
752 1319 863 1346 unter
893 1313 1006 1347 ihnen
1031 1325 1154 1347 waren
1177 1317 1318 1347 Kritias
1342 1325 1379 1348 u.
1405 1314 1496 1346 The-

63 1385 227 1406 ramenes.
275 1371 361 1404 Ihre
385 1371 602 1415 Regierung
633 1370 716 1402 fallt
750 1371 791 1403 in
817 1370 879 1403 das
904 1369 1022 1404 vierte
1049 1371 1136 1404 Jahr
1161 1371 1226 1404 der
1249 1378 1306 1410 93.
1343 1371 1495 1415 Olymp.

63 1430 154 1462 Zurn
175 1428 299 1462 Gliick
322 1428 385 1460 fiir
409 1427 479 1460 den
504 1427 608 1459 Staat
633 1427 783 1460 dauerte
808 1428 866 1460 die
887 1427 1100 1471 Regierung
1126 1427 1190 1461 der
1204 1429 1406 1473 Tyrannen
1424 1440 1497 1461 nur

61 1486 151 1520 aoht
181 1488 327 1520 Monat.
372 1484 627 1529 Thrasybulus
658 1486 797 1519 stiirzte
831 1485 889 1518 die
916 1484 1133 1530 Oligarchie
1164 1486 1241 1520 und
1275 1486 1403 1520 fiihrte
1436 1485 1495 1519 die

60 1542 356 1579 demokratische
377 1542 606 1586 Verfassung
631 1542 765 1575 wieder
789 1543 860 1576 eiu.

153 1602 216 1646 18)
239 1597 439 1644 στρατηγός
471 1595 710 1643 μισθοφόρος
741 1598 858 1632 heisst
890 1610 930 1632 er
961 1599 1021 1633 hei
1053 1602 1200 1634 Diodor.
1236 1603 1307 1635 Sic.
1344 1605 1410 1642 23,
1438 1605 1492 1640 13.

62 1658 189 1694 Seiner
211 1656 374 1702 gedenkt
396 1655 493 1688 auch
522 1657 596 1691 Liv.
616 1662 672 1695 28,
695 1660 752 1695 43.
780 1661 833 1694 19.
870 1656 954 1690 Wie
976 1667 1016 1689 er
1039 1657 1110 1691 den
1127 1659 1296 1703 Regulus
1320 1659 1494 1704 besiegte,

61 1715 202 1750 erzahlt
224 1715 384 1748 Frontin.
406 1714 464 1755 Π,
489 1718 523 1751 2.
550 1718 604 1752 11.

150 1772 214 1815 19)
238 1772 368 1804 Besser
388 1772 513 1815 primo.
555 1769 723 1803 Perizon.

151 1829 215 1873 20)
241 1829 406 1872 Erganze
428 1828 564 1871 potius,
611 1837 686 1859 was
716 1826 785 1860 wie
812 1832 926 1871 magis
949 1827 988 1862 in
1018 1828 1137 1862 dieser
1162 1829 1406 1874 Verbindung
1437 1830 1495 1863 oft

60 1887 154 1923 auch
172 1898 243 1920 von
268 1885 336 1917 den
353 1885 483 1917 besten
502 1883 797 1918 Schriftstelleru
817 1885 1053 1929 ausgelassen
1076 1886 1178 1919 wird.
1214 1887 1397 1932 Beispiele
1417 1887 1494 1921 bie-

60 1951 122 1979 ten
140 1945 206 1977 dar
223 1942 398 1986 Plautus,
421 1943 582 1982 Terenz,
610 1941 741 1975 Cicero
758 1941 836 1975 und
852 1941 986 1976 Livius.
1011 1944 1164 1978 Tacitus
1181 1944 1383 1978 besonders
1400 1944 1493 1979 liebt

60 2003 158 2036 diese
177 2000 327 2044 Ellipse.

150 2059 214 2101 21)
240 2057 358 2089 Duker
373 2056 520 2101 schl'agt
538 2067 605 2089 vor
626 2057 816 2090 Coraneam
834 2057 916 2100 (ει),
941 2055 1022 2090 eine
1038 2056 1143 2090 stadt
1160 2057 1198 2090 in
1218 2059 1385 2094 Boeotia.
1410 2060 1491 2104 Vgl,

61 2116 176 2159 Nepos
195 2115 319 2158 XVII,
342 2119 376 2154 4.
401 2119 436 2154 4.
458 2133 501 2139 —-
542 2114 636 2147 Eine
664 2113 801 2148 andere
821 2114 928 2148 Stadt
957 2114 1119 2158 gleiehcs
1148 2116 1310 2149 Namens
1339 2117 1431 2162 liegt
1452 2118 1489 2150 in

57 2172 256 2207 Thessalia.

147 2230 211 2275 22)
236 2229 352 2274 Nepos
372 2229 497 2268 XVII,
522 2232 554 2267 5.
579 2233 613 2267 2.
648 2228 750 2272 „Hic
778 2240 865 2263 cum
890 2239 965 2262 una
988 2238 1115 2272 pugna
1135 2228 1261 2263 decem
1283 2231 1403 2265 millia
1420 2231 1492 2266 ho-

60 2287 194 2327 stium,
230 2285 398 2328 Agesilao
432 2284 544 2328 duce,
580 2287 823 2327 cecidissent3
859 2296 980 2330 eoque
1006 2285 1107 2318 facto
1141 2297 1228 2331 opes
1265 2288 1491 2323 adversario-

60 2353 145 2376 rum
166 2342 379 2375 debilitatae
396 2341 631 2376 viderentur:
658 2350 809 2377 tantum
828 2344 948 2377 abfuit
966 2343 1010 2376 ab
1033 2343 1236 2377 insolentia
1260 2345 1424 2390 gloriae,
1450 2352 1491 2380 ut

61 2399 342 2434 commiseratus
362 2399 407 2432 sit
424 2399 617 2433 fortunam
636 2402 826 2445 Graeciae,
853 2399 952 2445 quod
973 2407 1049 2433 tam
1069 2401 1180 2434 multi
1200 2414 1221 2436 a
1238 2415 1276 2436 se
1293 2404 1381 2438 victi
1402 2405 1490 2438 vitio

60 2456 355 2489 adversariorum
376 2455 648 2490 concidissent:
675 2470 836 2502 namque
852 2458 917 2491 illa
934 2457 1190 2499 multitudine,
1214 2460 1244 2493 si
1270 2472 1358 2494 sana
1385 2473 1489 2495 mens

61 2520 158 2548 esset
181 2513 384 2556 Graeciae,
407 2515 632 2558 supplicium
654 2516 782 2548 Persas
801 2514 889 2548 dare
905 2516 1081 2559 potuisse.
1122 2516 1225 2550 Idem
1254 2530 1340 2552 cum
1361 2519 1482 2552 adver-

60 2570 174 2604 sarios
211 2569 312 2603 intra
347 2571 492 2604 moenia
526 2571 786 2616 compulisset,
820 2575 877 2615 et,
915 2577 953 2605 ut
982 2572 1207 2607 Corinthum
1242 2582 1487 2620 oppugnaret,

61 2628 170 2661 multi
188 2627 447 2669 hortarentur,
471 2629 639 2672 negavit,
664 2627 702 2662 id
726 2639 812 2661 suae
831 2628 961 2663 virtuti
979 2631 1201 2672 convenire3
1227 2643 1266 2664 se
1287 2633 1385 2665 enim
1403 2644 1487 2666 eum

60 2695 157 2728 esse,
183 2684 294 2724 dixit,
321 2684 383 2728 qui
402 2685 449 2717 ad
469 2686 636 2719 officium
655 2691 851 2729 peccantes
869 2686 992 2722 redire
1010 2694 1180 2733 cogeret,
1204 2699 1281 2721 non
1299 2691 1362 2735 qui
1381 2689 1487 2723 urbes

60 2741 309 2776 nobilissimas
329 2748 554 2787 expugnaret
575 2743 796 2779 Graeciae.“
820 2749 908 2780 cett.
