1747 3120
195 163 248 203 10
416 164 464 200 Ι,.’
493 167 749 200 AMPELII
782 165 954 197 L1131z1
999 166 1383 200 mamonmms

191 260 267 303 illo
287 267 406 312 erat,
434 258 549 302 vidit
572 257 801 300 hominem
834 258 1030 300 occisum
1062 261 1137 312 ²⁹),
1177 267 1223 302 et
1245 274 1349 302 cum
1371 260 1544 303 ululatu
1563 261 1620 302 ad

190 332 436 387 Erigonam
454 329 607 379 rediit,
637 344 770 386 quem
792 337 843 370 ut
863 336 1088 372 moestum
1115 335 1160 370 et
1179 329 1449 386 singularem
1473 331 1527 388 †)
1549 331 1621 373 vi-

189 401 277 456 dit,
305 401 495 443 sollicita
510 400 805 458 proficiscitur
826 417 929 445 cum
949 417 1013 443 eo.
1064 393 1249 445 'Venere
1265 402 1320 444 ad
1337 401 1511 455 locum,
1540 403 1620 445 ubi

187 472 354 516 Icarius
374 470 562 529 jacebat.
605 472 730 516 Vidit
751 488 912 529 corpus
933 471 1086 530 patris.
1127 471 1289 527 Magna
1305 473 1620 518 lamentatione

187 543 236 586 in
255 543 473 600 Hymetto
493 544 581 600 ††)
612 553 765 587 monte
795 545 1013 602 sepelivit.
1073 543 1172 599 Ipsa
1191 557 1298 584 vero
1327 558 1373 585 se
1393 545 1621 602 suspendit

185 615 361 671 laqueo.
431 615 563 657 Canis
596 621 644 666 ³⁰)
674 617 730 659 ad
752 616 888 674 pedes
913 616 1008 671 ejus
1038 614 1319 657 discumbens
1345 614 1536 667 diutius,
1577 622 1622 656 et

184 685 282 728 sine
303 686 525 728 alimentis
541 686 774 742 deficiens,
804 695 903 745 post
922 701 1086 743 aquam
1113 687 1326 729 anhelans
1354 685 1402 727 in
1432 693 1621 743 puteum

186 772 234 799 se
260 756 463 815 projecit.
528 759 650 801 Tum
670 759 806 802 Liber
826 774 851 800 a
871 759 980 800 Jove
1001 757 1111 815 petit
1134 759 1199 811 ³¹),
1241 757 1361 813 quod
1381 772 1462 799 suo
1482 757 1621 813 impe-

182 826 252 869 rio
279 827 525 870 deficerent
548 826 614 885 ³²),
654 838 706 872 ut
727 831 843 873 inter
867 831 1064 872 siderum
1088 844 1238 872 cursus
1257 836 1503 886 poneretur
1521 828 1620 870 Vir-

181 913 253 955 go.
311 899 478 942 Icarius
494 908 642 943 autem
662 903 877 944 Arcturus
897 903 946 954 ³³)
974 901 1230 943 nominatus
1258 909 1336 955 est,
1377 902 1500 956 cujus
1520 900 1620 941 stel-

182 968 250 1023 la,
288 984 393 1012 cum
427 971 655 1023 exoritur,
707 974 936 1017 continuas
966 981 1251 1032 tempestates
1279 973 1399 1016 facit.
1469 971 1618 1023 Canis,

181 1213 494 1252 interfecerunt.'“
526 1216 709 1250 Dasselbe
727 1215 868 1250 erzahlt
884 1216 1017 1250 Aeliam
1036 1217 1076 1250 in
1096 1229 1124 1252 s.
1146 1217 1241 1251 Hist.
1261 1215 1483 1260 Anim.v11‚
1504 1218 1560 1256 28.
1577 1234 1619 1240 —

180 1278 259 1310 Das
277 1274 470 1319 Folgende
490 1274 557 1307 hat
576 1274 671 1307 auch
691 1276 837 1319 Iss‘gin„
862 1273 1028 1307 weshalb
1045 1273 1176 1308 Duker
1194 1274 1459 1316 muthmasste,
1484 1274 1621 1317 Ampe-

179 1333 253 1367 lius
269 1332 367 1366 habe
385 1343 451 1365 aus
471 1330 553 1364 ihm
573 1330 794 1376 gescl16pft‚·
828 1331 963 1374 jedoch
994 1331 1052 1364 die
1072 1331 1207 1376 Quelle
1234 1331 1304 1373 ist,
1330 1329 1399 1363 wie
1423 1330 1620 1365 Tzschucke

179 1389 321 1433 richtig
339 1388 526 1430 bemerkt‚
551 1388 681 1432 nemer,
706 1389 872 1422 niimlich
892 1388 958 1422 der
976 1388 1164 1423 Scholiast
1184 1389 1246 1422 des
1271 1389 1531 1428 Germanicus,
1554 1387 1620 1421 der

180 1447 350 1482 dasselbe
369 1444 522 1480 erzahlt.
539 1465 583 1470 —-
607 1446 692 1478 Den
707 1445 791 1478 Tod
808 1445 871 1478 des
885 1445 1040 1479 Hundes
1063 1445 1253 1480 berichtet
1268 1457 1342 1479 nur
1362 1448 1496 1491 Hygin.
1519 1447 1560 1481 P.
1575 1448 1617 1480 A.

180 1507 231 1548 ΙΙ,
247 1510 295 1548 4.,
321 1502 484 1537 welcher
510 1503 611 1536 noch
638 1503 857 1548 hinzufiigt:
885 1507 1049 1544 „Canem
1070 1515 1137 1537 sua
1165 1503 1421 1548 appellatione
1438 1509 1474 1536 et
1496 1502 1619 1547 specie

180 1562 404 1597 Caniculam
432 1559 627 1602 dixerunt,
654 1572 749 1605 quae
778 1572 799 1594 a
823 1561 1000 1603 Graecis,
1028 1561 1130 1605 quod
1158 1567 1244 1594 ante
1270 1561 1455 1602 majorem
1484 1570 1619 1593 canem

179 1620 314 1664 oritur,
338 1616 514 1663 προκύων
530 1617 839 1663 ειρΡεΙΙειῐιιτ.“-
861 1617 941 1650 Ehe
961 1618 1136 1661 u'brigens
1155 1617 1223 1651 der
1232 1616 1348 1651 Hund
1367 1617 1434 1650 der
1451 1616 1619 1660 Erigone.

177 1684 288 1712 unter
305 1677 362 1710 die
382 1678 513 1710 Sterne
532 1680 690 1707 versetzt
708 1674 846 1717 wurde,
859 1673 956 1707 hiess
975 1684 1015 1707 er
1032 1677 1177 1711 Maera.
1201 1675 1304 1711 Ouid.
1323 1676 1419 1709 Met.
1435 1674 1519 1716 VII,
1537 1677 1617 1714 364.

176 1736 255 1770 und
278 1735 338 1768 die
354 1734 532 1778 Ausleger
559 1731 734 1765 daselhst.
1374 1742 1376 1744 ’

267 1792 332 1835 29)
357 1792 526 1824 Heinsius
549 1789 679 1823 wollte
710 1794 804 1823 statt
832 1789 1024 1831 hominem,
1059 1791 1236 1822 dominum
1262 1790 1388 1834 lesen,
1423 1801 1498 1823 was
1530 1789 1617 1822 weit

177 1848 380 1896 passender
406 1848 476 1890 ist,
502 1847 557 1881 als
591 1847 773 1880 hominem.
823 1846 899 1878 Fiir
924 1846 1022 1879 diese
1041 1847 1322 1891 Verbesserung
1351 1845 1497 1891 spricht
1517 1847 1615 1880 auch

177 1908 310 1953 Hygin.
329 1907 370 1941 P.
382 1906 423 1939 A.
442 1906 538 1949 11,4.
565 1904 764 1948 „ululans,
782 1909 825 1937 ut
844 1902 1034 1937 videretur
1056 1904 1202 1938 obitum
1225 1905 1357 1938 domini
1372 1905 1614 1950 lacrymari.“

267 1965 307 2007 †)
332 1964 357 1997 i.
381 1975 413 1997 e.
439 1962 554 2004 solus,
578 1964 654 1993 sine
670 1970 785 2006 patre.

268 2022 335 2067 ††)
362 2019 587 2054 Beriihmter
603 2020 702 2063 Berg
719 2019 759 2053 in
777 2018 912 2063 Attica,
931 2019 1056 2053 seiner
1074 2020 1237 2054 Krauter
1255 2029 1388 2065 wegenv
1406 2019 1492 2054 sehr
1512 2020 1616 2053 stark

178 2093 254 2115 von
279 2081 351 2113 den
377 2079 519 2112 Bienen
552 2076 723 2110 hesucht.
779 2077 907 2122 Vergl.
935 2081 1093 2111 Pansan.
1120 2078 1151 2119 Ι,
1177 2081 1255 2116 123.
1287 2077 1457 2111 IVIartiaI.
1484 2078 1615 2122 Epigr.

177 2141 263 2181 VII,
289 2145 370 2179 38.;
396 2134 511 2169 daher
542 2136 729 2179 Ily‘meHus
746 2134 882 2180 florens
915 2135 1016 2169 Ouid.
1040 2137 1109 2167 Ars
1132 2133 1288 2167 Amand.
1314 2135 1386 2177 III,
1412 2134 1511 2179 687„
1536 2135 1614 2168 und

177 2196 362 2242 ‚Hymettia
380 2205 466 2228 cara
488 2193 589 2225 Ouid.
610 2193 702 2227 Met.
722 2192 768 2236 X,
792 2197 871 2231 284.

267 2253 332 2298 30)
355 2249 520 2286 Deshalb
539 2249 637 2283 hiess
657 2260 698 2282 er
717 2248 814 2283 auch
830 2250 978 2284 Rarius.
1000 2251 1043 2284 V.
1063 2248 1163 2283 ovid.
1181 2249 1279 2283 Fast.
1301 2249 1365 2292 IV,
1382 2253 1462 2288 939.
1484 2250 1614 2285 Amor.'

177 2313 229 2354 II,
264 2318 317 2350 16.
343 2316 374 2349 4.
400 2327 445 2335 -

269 2367 333 2411 31)
358 2368 431 2400 Aus
455 2365 521 2399 der
540 2365 696 2400 zweiten
717 2364 888 2410 Ausgabe
911 2363 1070 2398 Duker's
1089 2363 1233 2398 schlich
1253 2363 1331 2397 sich
1351 2365 1458 2409 petiit
1477 2365 1517 2398 in
1538 2365 1611 2399 den

177 2425 382 2470 folgenden
410 2423 609 2467 Ausgaben
637 2424 708 2457 ein.
771 2422 883 2457 Doch
909 2422 1007 2455 kann
1038 2424 1129 2466 petit
1155 2423 1193 2455 in
1221 2422 1341 2455 seiner
1362 2422 1611 2468 Verbindung

177 2483 284 2517 recht
307 2488 374 2525 gut
394 2480 570 2526 geduldet
590 2480 666 2513 und
685 2492 748 2513 aus
767 2481 879 2514 Julius
903 2486 1033 2514 Caesar
1051 2480 1337 2527 gerechtfertigt
1357 2480 1517 2517 werden.

270 2539 336 2583 32)
365 2539 496 2572 Duker:
525 2537 650 2582 „forte
677 2538 912 2580 defecerant;
936 2549 1094 2584 nempe,
1121 2538 1221 2584 quod
1245 2538 1322 2571 illis
1346 2548 1454 2572 causa
1475 2535 1608 2570 mortis

178 2598 403 2633 exstiterat.“

268 2655 334 2699 33)
359 2653 483 2698 Vergl.
508 2655 632 2697 Hygia.
654 2652 694 2685 P.
716 2654 754 2686 A.
776 2655 845 2696 ΙΙΙ,
869 2654 905 2687 3.
930 2655 1152 2687 Eratostlzcn.
1177 2653 1427 2688 Catasterism.
1451 2663 1483 2684 c.
1507 2652 1605 2683 Vlll.

179 2714 308 2747 suidas
329 2724 362 2746 u.
387 2712 423 2746 d.
445 2712 503 2746 W.
529 2708 691 2755 Βοώτης.
738 2712 870 2755 Hygia.
888 2710 973 2746 Fab.
992 2716 1069 2750 ΞΜ,
1103 2712 1257 2755 „Icarus
1278 2711 1317 2744 in
1337 2709 1499 2751 Arcturi,
1526 2709 1606 2741 Eri-

177 2781 278 2815 gone
306 2770 346 2802 in
379 2769 530 2814 virginis
562 2769 752 2814 signum.“
800 2770 840 2802 P.
869 2771 910 2802 A.
931 2769 979 2811 11,
1009 2774 1043 2808 4.
1068 2771 1207 2803 Servius
1232 2783 1276 2802 zu
1309 2768 1409 2812 Virg.
1435 2767 1556 2810 Georg
1578 2766 1606 2807 l,
