1747 3120
284 535 649 586 Tzschuckii
684 537 1062 586 Dissertatio
1099 533 1168 582 de
1206 505 1496 598 Ampelio.

845 752 940 808 §L

170 808 312 896 Quis
336 839 478 884 fuerit
499 841 757 901 AmpeliuS,
785 841 937 898 quales
972 839 1181 884 habuerit
1208 838 1397 891 natales,
1427 849 1515 894 qua
1541 832 1615 876 vi-

170 919 246 954 tae
270 921 391 955 sorte
411 923 456 955 et
480 913 733 956 conditione
750 928 856 955 usus
878 911 950 965 sit,
965 910 1152 955 obscura
1170 918 1233 954 est
1254 919 1299 953 et
1318 907 1453 952 dubia
1478 921 1614 963 quae-

164 982 273 1035 stio,
315 998 449 1039 quam
480 1000 627 1041 neque
656 985 748 1028 eius
785 983 900 1027 liber
930 983 1150 1034 illustrat,
1180 997 1325 1038 neque
1352 979 1544 1022 aliorum
1570 980 1612 1029 ι)

166 1068 300 1096 curae
318 1055 420 1097 satis
439 1055 701 1113 expediunt.
763 1055 896 1112 Quae
916 1053 1012 1112 ipse
1032 1053 1195 1096 indicia
1220 1052 1392 1111 posuit,
1421 1050 1489 1094 uti
1510 1056 1614 1092 sunt.

167 1138 336 1180 pauca,
377 1125 440 1167 ita
471 1125 605 1168 etiam
638 1125 874 1182 ambigua,
913 1132 963 1166 ut
983 1133 1101 1167 aetas
1124 1125 1218 1167 eius
1242 1133 1287 1166 et
1315 1123 1405 1166 vita
1436 1121 1612 1178 agnosci

168 1202 265 1237 tuto
289 1210 377 1237 non
400 1195 550 1252 possit.
609 1195 795 1238 Traiani
815 1194 1092 1238 mentionem
1111 1195 1217 1237 facit
1235 1210 1332 1252 cap.
1355 1200 1421 1239 47.
1443 1201 1486 1235 et
1515 1193 1612 1236 Ha-

170 1264 316 1307 driani
347 1273 554 1322 tempora
587 1274 789 1323 spectare
831 1265 1032 1316 videtur,
1082 1266 1199 1322 quod
1239 1266 1293 1306 de
1328 1264 1454 1320 signo
1496 1264 1613 1306 Iovis

171 1335 369 1393 Olympii
392 1336 579 1380 Athenis
598 1337 799 1379 dedicato
822 1345 977 1378 narrat
999 1350 1092 1392 cap.
1127 1336 1241 1380 VIII.
1260 1335 1336 1378 fin.
1393 1334 1511 1377 Ante
1543 1334 1614 1376 di·-

174 1406 324 1449 visum
345 1422 371 1449 a
393 1407 650 1450 Theodosio
671 1407 914 1465 imperium
935 1407 1188 1451 Romanum
1208 1407 1395 1454 vixisse,
1427 1412 1615 1463 apparet

171 1493 226 1520 ex
245 1492 338 1534 cap.
364 1477 542 1529 XXIX„
574 1479 651 1520 ubi
675 1479 786 1521 haec
801 1479 1036 1535 leguntur:
1068 1479 1264 1531 „Donec
1290 1479 1461 1520 exortis
1479 1477 1613 1520 bellis

170 1547 378 1591 civilibus
405 1549 527 1592 inter
560 1550 810 1594 Caesarem
834 1556 879 1591 et
919 1548 1195 1605 Pompejum
1218 1558 1264 1591 et
1295 1565 1614 1609 oppressczper

170 1619 264 1663 vim
310 1620 552 1670 libertate,
602 1621 681 1664 sub
713 1621 848 1663 unius
879 1620 1093 1663 Caesaris
1115 1628 1395 1678 potestatem
1423 1621 1615 1664 redacta

172 1699 277 1734 sant
310 1692 521 1735 omnia,“
581 1691 849 1734 Posterioris
886 1691 985 1732 aevi
1008 1692 1248 1734 certissima
1269 1694 1389 1749 signa
1416 1693 1615 1750 praefert

173 1762 389 1805 orationis
422 1761 572 1805 forma
600 1778 692 1804 non
717 1762 882 1812 solum,
914 1762 989 1804 sed
1007 1770 1049 1804 et
1071 1762 1167 1821 ipsa
1184 1763 1342 1814 verba,
1374 1778 1485 1820 quae
1508 1778 1614 1820 pas-

170 1833 255 1876 sim
274 1833 476 1884 adhibet,
509 1839 552 1874 et
572 1832 610 1874 si
631 1832 830 1875 iudicare
853 1832 956 1874 licet
981 1848 1036 1874 ex
1061 1833 1128 1885 iis,
1158 1848 1273 1890 quae
1292 1834 1346 1876 de
1367 1832 1613 1876 verborum

171 1918 394 1947 novorum
418 1903 563 1960 prima
589 1903 760 1958 origine
784 1912 825 1946 et
847 1902 1142 1960 frequentiori
1162 1920 1263 1954 usu,
1286 1912 1612 1961 quatenusper-

175 1975 302 2030 sequi
322 1982 367 2017 et
387 1973 656 2031 investigare
683 1975 798 2025 licet,
828 1975 1051 2026 novimus,
1082 1976 1274 2018 occurrit
1302 1976 1493 2018 verbum
1512 1991 1612 2033 per-

167 2045 315 2104 potiri
342 2060 378 2087 c.
411 2045 562 2089 XVIII.
588 2044 666 2101 z),
709 2046 832 2089 cuius
860 2046 1007 2104 prima
1026 2047 1232 2104 exempla
1251 2046 1434 2103 praebet
1457 2047 1611 2089 Codex

174 2116 333 2160 Iustin.
364 2117 464 2169 XII,
507 2122 576 2168 16,
618 2123 674 2168 3.,
702 2117 779 2159 ubi
806 2117 853 2159 in
884 2118 1026 2160 edIcto
1055 2119 1294 2162 Theodosii
1323 2126 1365 2160 et
1400 2119 1612 2163 Valenti-

175 2188 297 2231 niani
328 2187 526 2243 ponitur.
594 2188 724 2245 Quae
751 2187 931 2243 quidem
963 2204 1066 2231 cum
1100 2190 1402 2248 superioribus
1425 2206 1515 2234 non
1535 2206 1612 2233 re-

174 2259 428 2316 fragentur,
465 2258 539 2300 sed
573 2259 780 2315 subiungi
816 2261 1047 2302 commode
1081 2261 1275 2318 possint,
1307 2263 1495 2307 tenenda
1520 2279 1612 2306 esse

175 2331 402 2374 videntur.

268 2430 309 2474 1)
332 2430 390 2463 De
416 2431 598 2476 Ampelio,
623 2443 736 2479 quem
759 2433 910 2468 silentio
934 2431 1046 2467 multi
1069 2431 1354 2477 praeterierunt,
1379 2433 1418 2466 in
1443 2433 1501 2467 his
1523 2437 1612 2468 Von-

178 2487 263 2529 sius,
287 2487 556 2533 Hambergeruae‚
582 2491 862 2532 Sabbathierz'm,
887 2491 1251 2534 Bergstraesserua—
1278 2490 1500 2525 consulendi
1524 2498 1612 2524 sunt

178 2555 224 2577 ex
250 2543 518 2578 recentioribus
545 2547 739 2580 Salmasius
763 2548 803 2580 in
828 2546 1064 2581 Praefatione
1088 2547 1134 2580 ad
1159 2548 1392 2593 Ampelium,
1421 2548 1612 2594 Gothqsre-

179 2602 243 2633 «lus
275 2600 315 2633 in
348 2601 673 2648 Prosopographia
707 2603 851 2637 Codicis
882 2603 1132 2639 Theodosiani
1164 2617 1200 2650 p.
1234 2611 1336 2649 349,
1374 2606 1538 2639 Valesius
1563 2607 1611 2640 ad

178 2658 418 2691 Ammianum
451 2660 716 2695 Marcellinum
750 2662 931 2701 XXVIII,
955 2668 1014 2705 4.,
1050 2665 1234 2696 Reinesius
1269 2663 1316 2697 ad
1351 2663 1610 2699 Hofmannum

180 2714 300 2760 Epist.
333 2716 487 2752 XXVII.
522 2729 558 2763 p.
594 2724 700 2762 117.,
733 2721 915 2754 fabriciu«.
949 2721 989 2755 in
1013 2720 1111 2756 Bibl.
1139 2721 1218 2756 Lat.
1243 2721 1352 2756 Tom.
1380 2722 1410 2755 Ι.
1435 2728 1470 2762 2.
1492 2726 1549 2762 23.
1574 2734 1609 2768 p.
