1699 3136
672 178 794 227 cVAP.
842 177 1005 208 xxlx.
1445 172 1525 210 109

97 280 194 326 tus,
226 269 440 314 abdicatis
466 270 672 312 omnibus
690 267 1039 323 magistratibus,
1068 267 1357 311 Decemviros
1375 267 1434 322 ⁵),
1464 267 1525 309 le-

97 359 204 399 gum
233 341 522 384 ferendarum
542 349 586 383 et
604 337 887 395 Reipublicae
908 339 1242 382 constituendae
1259 352 1412 390 causa,
1441 352 1526 393 pa-

96 413 224 457 ravit.
283 413 458 456 Horum
489 425 666 467 quoque
687 408 1032 452 dominationem
1057 417 1100 450 et
1121 408 1355 451 libidinem
1373 408 1410 463 ⁶)
1444 407 1526 449 de-

95 491 306 535 testatus,
354 497 504 525 rursus
537 482 591 523 ad
627 480 829 523 consules
860 481 896 532 ⁷)
935 479 1080 523 rediit.
1138 480 1318 532 Donec,
1360 478 1528 521 exortis

96 554 220 596 bellis
243 552 444 595 civilibus
465 553 578 596 inter
602 552 836 595 Caesarem
862 556 906 592 et
926 550 1215 608 Pompejum,
1243 559 1287 593 et
1317 564 1528 608 oppressa

96 638 179 681 per
203 623 296 665 vim
321 623 547 677 libertate,
579 622 660 665 sub
693 620 827 663 unius
848 619 1042 662 Caesaris
1073 627 1330 677 potestatem
1351 621 1530 662 redacta

97 701 201 736 sunt
230 694 389 738 omnia.
448 695 519 736 Ex
549 708 600 736 eo
629 699 847 751 perpetua
867 691 1104 735 Caesarum
1136 693 1354 736 dictatura
1376 690 1412 748 ⁸)
1444 691 1531 739 do·-v

97 763 309 806 minatur.

629 1124 774 1167 CAP.
835 1123 996 1167 XXX.

359 1240 598 1291 Initium
649 1240 838 1310 Regni
890 1235 1268 1292 Mithridatis.

212 1389 374 1444 Cyrus,
403 1392 497 1435 Rex
518 1393 757 1434 Persarum
775 1391 968 1448 primus,
999 1392 1239 1451 imperium
1259 1390 1398 1433 Medis
1420 1390 1530 1433 ade-

101 1460 192 1502 mit.
249 1463 372 1502 Duos
402 1461 516 1504 filios
545 1461 751 1516 reliquit,
785 1461 1034 1517 Cambysen
1065 1472 1108 1506 et
1142 1463 1376 1506 Smerden.
1436 1463 1533 1504 Ho-

100 1545 202 1573 rum
236 1531 498 1587 Cambyses,
553 1531 763 1573 defuneto
791 1532 828 1582 ¹)
867 1540 1016 1589 patre,
1076 1533 1197 1589 quod
1230 1534 1375 1588 major
1408 1539 1532 1584 esset,

102 1599 318 1642 Smerden
348 1601 395 1642 in
424 1601 535 1642 solio
565 1602 606 1654 2)
645 1601 901 1654 sedentem,
960 1605 1104 1660 capite
1135 1605 1310 1647 coelum
1339 1605 1534 1661 pulsare,

103 1827 184 1860 Zeit
209 1838 283 1861 von
308 1827 484 1862 einander
517 1827 574 1861 ab·
627 1828 662 1861 S.
688 1830 823 1862 Muret.
856 1829 896 1863 in
920 1840 948 1863 S.
977 1830 1260 1866 commentarii.
1293 1831 1351 1865 ed.
1382 1831 1532 1867 Ruhnk.

101 1883 170 1917 Th.
196 1885 257 1918 IV.
284 1886 328 1919 T.
355 1891 493 1924 1—12.

192 1939 233 1984 5)
258 1941 302 1973 In
335 1941 406 1974 den
430 1942 534 1975 Fam·
567 1943 608 1975 A.
636 1942 680 1976 U.
704 1946 784 1982 302.
817 1942 933 1976 heisst
967 1954 1026 1977 es:
1076 1944 1316 1989 „Decemviri
1349 1945 1534 1981 consulari

102 2002 288 2042 potestate
311 1998 435 2042 legum
459 1998 694 2032 ferendarum
720 2002 891 2035 caussa.“

193 2055 234 2098 6)
259 2056 465 2089 Besonders
489 2058 630 2100 Appius.
678 2057 713 2089 S.
741 2068 819 2101 cap.
844 2062 900 2096 25.

191 2113 234 2155 7)
258 2112 361 2146 Auch
387 2113 445 2146 die
469 2113 635 2154 Plebejer
659 2113 837 2147 erhielten
860 2115 1026 2148 Einfluss
1051 2116 1118 2149 auf
1148 2116 1206 2151 die
1229 2117 1436 2163 Republik‚
1477 2118 1532 2151 als

102 2181 167 2205 aus
198 2170 315 2204 ihnen
349 2170 529 2203 ebenfalls
554 2170 738 2213 Consum,
786 2183 858 2205 von
895 2173 1060 2206 welchen
1096 2177 1136 2207 L.
1162 2176 1300 2207 Sixtiue
1331 2174 1431 2208 nach
1462 2174 1533 2208 den

102 2228 206 2260 Fusii
229 2229 270 2260 A.
300 2228 345 2261 U.
369 2231 449 2267 387.
476 2227 541 2260 der
566 2233 664 2260 erste
688 2238 784 2270 war,
809 2229 971 2273 gewitblt
995 2230 1143 2264 werden
1167 2230 1347 2267 konnten.

194 2284 233 2325 8)
258 2284 306 2317 80
340 2295 420 2328 cap.
450 2289 527 2327 18.,
572 2283 702 2317 womit
733 2284 833 2318 noch
858 2287 987 2319 Sextus
1021 2288 1141 2332 Rufi&
1175 2300 1207 2323 c.
1230 2291 1281 2323 II.
1317 2290 1533 2336 verglichen

105 2340 252 2375 werden
273 2340 385 2376 kann.

673 2433 792 2467 CAP.
825 2435 954 2469 XXX.

196 2510 236 2554 1)
259 2510 472 2544 Perizonius
498 2512 735 2556 muthmas’t‚
781 2514 844 2548 das
873 2514 954 2548 hier
978 2517 1160 2560 regnavit,
1203 2516 1293 2551 oder
1319 2517 1450 2562 irgend
1474 2518 1533 2552 ein

104 2566 294 2601 {ihnliches
318 2568 426 2601 VVort
449 2569 677 2614 ausgefnllen
701 2570 765 2606 sei.

196 2625 236 2669 2)
270 2625 451 2658 Dasselhe
481 2627 551 2659 mit
585 2627 784 2661 denselben
814 2630 970 2664 VVorten
1006 2629 1146 2663 erzahlt
1177 2633 1346 2666 Ilerodot.
1372 2632 1449 2676 III,
1474 2638 1531 2672 30.

107 2679 184 2727 „aig
207 2681 249 2717 ἐν
270 2683 320 2728 τῷ
343 2681 472 2730 θρόνῳ
495 2685 548 2732 τῷ
570 2685 746 2732 βασιληίῳ
771 2683 936 2731 ἱζόμενος
959 2686 1121 2732 Σμέρδις
1144 2688 1191 2733 τῇ
1214 2689 1445 2736 κεφαλῇ’-τοῦ
1468 2686 1534 2726 ου’-

106 2740 226 2785 ρανοῦ
249 2736 421 2785 ψαύειε.“
