1699 3136
149 132 230 174 136
392 142 721 173 L.AMPEL11
752 142 924 173 LIBRI
951 144 1337 177 mamomALls

146 231 310 274 cimum
333 233 523 275 Brutum
547 232 738 275 Galliam
761 233 807 285 ⁹).
851 233 934 275 Per
955 234 1223 277 Mummium
1245 236 1488 280 Achaicum
1508 236 1576 291 ¹0),

146 312 189 344 et
209 303 471 345 Corinthum
495 310 538 344 et
559 303 772 345 Achaeos.
817 305 903 348 Per
922 304 1126 346 Fulvium
1147 307 1415 349 Nobiliorem
1441 308 1578 348 Aeto-

141 375 209 416 los
243 378 298 428 ¹¹)
331 382 375 415 et
410 373 693 416 Ambraciam
724 376 797 430 ¹²).
856 377 941 418 Per
973 377 1169 419 Marium
1200 379 1253 427 ¹³)
1290 378 1504 420 Numidas
1535 384 1579 418 et

141 445 422 501 Jugurtham.
465 445 550 487 Per
580 445 770 489 eundem
793 447 998 490 Cimbros
1029 456 1073 489 et
1091 449 1327 490 Teutones,
1368 449 1452 490 Per
1470 448 1578 492 Sul-

140 516 229 558 lam
257 517 312 571 ¹⁴)
343 514 550 558 Ponticos
577 523 620 556 et
647 514 970 559 Mithridatem.
1022 519 1110 560 Per
1138 518 1372 561 Lucullum
1395 517 1443 576 ¹⁵)
1469 520 1578 562 item

141 587 318 628 eosdem
343 587 550 640 Ponticos
570 595 613 628 et
635 587 968 630 Mithridatem:
1006 589 1110 630 item
1136 590 1292 631 Cilicas
1314 590 1504 646 piratas,
1535 597 1579 630 et

138 658 376 700 Armenios
398 674 500 700 cum
520 673 624 715 rege
644 659 860 715 Tigrane,
889 668 932 702 et
952 659 1166 717 plurimas
1189 660 1364 703 Asiacas
1387 660 1439 716 ¹⁶)
1469 674 1579 715 gen-

139 737 218 771 tes.
268 729 361 772 Sub
388 730 474 772 hoc
507 730 625 772 enim
647 731 701 772 ad
721 731 921 774 Indicum
945 733 1175 774 Oceanum
1200 732 1282 785 ¹⁷),
1313 740 1358 773 et
1376 732 1577 774 Rubrum

136 815 262 841 mare
294 816 436 857 usque
464 800 680 859 pervenit.
742 802 827 844 Per
861 804 1022 857 cajum
1059 804 1295 845 Caesarem
1329 802 1498 845 Gallias
1536 808 1580 844 et

137 871 420 914 Germanias.
477 873 727 915 Britaniam
758 873 839 915 sub
871 873 955 915 hoc
982 873 1094 918 duce
1123 890 1212 916 non
1244 881 1417 916 tantum
1451 872 1576 923 vidit,

138 942 214 984 sed
239 944 374 985 etiam
403 945 625 1000 navigavit
650 946 896 988 Oceanum.
958 946 1042 988 Per
1073 946 1306 987 Caesarem
1327 947 1578 1001 Augustum

136 1014 365 1055 Dalmatas
392 1017 473 1065 ¹⁸),
515 1015 795 1068 Pannonios,
837 1016 1060 1073 Illyricos,
1090 1017 1353 1073 Aegyptios,
1384 1016 1579 1058 Germa-

137 1099 239 1134 nos,
281 1085 550 1138 Cantabros,
602 1094 834 1142 totumque
865 1087 1021 1130 orbem
1056 1087 1336 1146 perpacavit,
1383 1086 1578 1144 exceptis

135 1286 220 1330 nia,
246 1287 341 1321 duce
364 1287 557 1322 latronum
581 1286 775 1330 Viriatho,
800 1296 972 1325 secutum
995 1295 1071 1325 est:
1100 1289 1200 1335 quod
1223 1288 1276 1323 ita
1300 1286 1403 1321 varia
1426 1286 1579 1320 fortuna

134 1351 282 1390 gestum
300 1352 365 1390 est,
394 1353 434 1380 ut
451 1346 596 1391 saepius
610 1347 869 1381 Romanorum
887 1355 1080 1393 gereretur
1097 1348 1264 1382 adversa.
1289 1346 1362 1380 Sed
1377 1346 1577 1378 interemto

134 1403 328 1445 Viriatho,
352 1404 485 1438 fraude
512 1404 651 1448 magis,
678 1416 791 1449 quam
820 1405 957 1438 virtute
985 1405 1132 1439 Servilii
1156 1403 1377 1449 Caepionis,
1412 1403 1578 1436 Numan—

135 1464 258 1495 tinum
279 1463 426 1506 gravius
449 1462 625 1496 exarsit.“
650 1464 796 1506 Eutrop.
816 1463 879 1494 IV.
908 1462 1024 1497 Ende.

223 1519 265 1563 9)
290 1520 462 1553 Heinsius
488 1520 697 1553 verbessert
727 1520 940 1557 Galliriam,
969 1531 1043 1549 was
1069 1520 1157 1548 aber
1186 1517 1366 1557 richtiger
1386 1514 1577 1558 geschrie-

131 1576 205 1609 hen
230 1577 323 1609 wird
353 1577 554 1610 Gallaecia.
590 1575 624 1606 S.
656 1573 853 1605 Tzsdmclae
877 1583 920 1604 zu
946 1574 1105 1615 Eutrop.
1131 1571 1196 1604 IV.
1232 1577 1285 1608 19.
1316 1570 1408 1613 (8.).
1452 1571 1578 1604 Daher

133 1634 265 1667 erhielt
290 1644 330 1665 er
354 1632 451 1665 auch
479 1631 548 1663 den
576 1629 773 1662 Beinamen
795 1629 988 1664 Callaicus.
1023 1629 1072 1661 Er
1092 1627 1333 1672 triumphirte
1357 1631 1396 1664 A.
1418 1630 1461 1662 U.
1484 1637 1575 1673 621„

132 1690 202 1723 wie
235 1691 295 1723 die
320 1689 418 1722 Fasti
442 1688 648 1722 herichten.
699 1687 735 1721 S.
762 1687 827 1723 Sil.
854 1686 940 1724 Ital.
965 1687 1042 1726 111,
1067 1690 1148 1726 345.
1185 1696 1221 1719 u.
1261 1686 1408 1719 Cellar’s
1435 1687 1575 1732 Geogr.

132 1748 257 1792 Autiq.
283 1748 326 1780 T.
347 1747 395 1780 Il.
424 1753 455 1786 1.

222 1806 285 1849 10)
310 1806 355 1837 Er
380 1803 620 1848 triumphirte
646 1803 686 1838 A.
712 1802 759 1836 U.
787 1807 866 1842 607.

224 1862 288 1907 11)
316 1862 512 1896 Gevviihnl.
544 1860 725 1894 Aethalos.
774 1861 842 1893 Gr.
866 1860 1033 1895 Αἰτωλοί.
1083 1860 1181 1894 Statt
1209 1861 1364 1893 Cimbros
1388 1867 1421 1891 et
1449 1861 1575 1893 Teuto-

132 1934 192 1954 nes
215 1920 320 1955 lesen
344 1920 465 1965 einige
488 1919 686 1965 Ausgaben
716 1919 894 1964 Cymbro.9‚
948 1919 1150 1952 Teuthones.
1198 1919 1279 1951 Der
1301 1917 1483 1963 Triumph
1509 1929 1575 1963 ge-

133 1979 248 2012 schah
274 1986 353 2018 566.
381 1980 422 2013 A.
448 1979 491 2014 U.

225 2037 288 2081 12)
314 2038 406 2070 Eine
432 2036 539 2070 stadt
569 2035 607 2068 in
636 2034 793 2079 Epirus,
842 2033 982 2067 welche
1013 2033 1101 2067 aber
1135 2033 1277 2066 damals
1311 2033 1394 2067 dem
1421 2033 1576 2068 Gebiete

136 2095 200 2129 der
224 2095 374 2128 Aetoler
398 2094 616 2127 einverleibt
642 2104 728 2126 war.
771 2093 849 2127 Liv.
870 2096 937 2134 33,
964 2096 998 2130 3.
1024 2099 1077 2130 10.
1115 2092 1209 2125 Iflor.
1232 2092 1290 2133 II,
1315 2098 1349 2131 9.
1371 2099 1404 2132 Ξ.

227 2154 290 2197 13)
315 2154 367 2188 Er
389 2151 630 2197 triumphirte
653 2154 694 2186 A.
719 2152 763 2186 U.
780 2156 878 2194 ,6493
925 2151 1019 2183 iiber
1044 2149 1102 2182 die
1129 2149 1311 2183 Cimbern
1335 2149 1412 2182 und
1436 2150 1574 2184 Teuto-

133 2223 208 2245 nen
232 2218 311 2250 65⁶2.

225 2270 289 2313 14)
315 2269 416 2303 Sulla
440 2266 683 2310 triumphirte
706 2272 786 2306 672.
834 2265 1014 2300 Lucullus
1040 2270 1120 2304 690.

227 2327 291 2370 15)
319 2326 498 2361 Offenbar
531 2325 629 2358 fehlt
653 2324 733 2357 hier
758 2330 880 2357 etwas.
930 2323 1144 2357 Freirzslzeim
1168 2333 1212 2355 zu
1235 2322 1335 2355 Flor.
1356 2321 1432 2365 III,
1460 2325 1491 2360 5.
1515 2327 1571 2362 21.

135 2387 288 2431 erganzt
323 2395 385 2417 so:
439 2387 503 2415 Per
528 2383 726 2427 Pompejum
759 2383 841 2414 item
873 2382 1008 2414 eosdem
1040 2380 1205 2412 Ponticos
1239 2387 1273 2411 et
1306 2380 1574 2424 Mithridatem,

135 2446 219 2476 item
249 2442 381 2476 Cilicas
405 2443 556 2484 piratas.
604 2440 687 2486 Vgl.
712 2439 843 2484 Ampel.
870 2450 903 2472 c·
933 2438 1071 2473 XVIII.
1118 2437 1170 2469 Er
1197 2435 1440 2481 triumphirte
1461 2436 1504 2471 A.
1531 2439 1573 2475 U.

134 2508 290 2602 692‘16)
316 2556 489 2591 Dariiber
514 2556 588 2602 vgl.
624 2569 701 2601 cap.
735 2561 788 2595 18.
837 2555 885 2589 So
920 2559 1000 2599 sagt
1034 2563 1121 2586 man
1147 2551 1244 2586 auch
1268 2552 1474 2586 Hadriacas
1498 2556 1574 2588 und

136 2618 381 2651 Hadriaticus.

226 2674 290 2717 17)
315 2674 350 2706 S.
379 2672 474 2705 oben
504 2673 585 2715 Cup.
609 2676 661 2709 18.

227 2731 290 2775 18)
314 2731 439 2764 Dahin
464 2728 617 2762 reclinet
641 2731 784 2773 Eutrop.
809 2730 898 2773 VII,
919 2735 952 2769 9.
979 2733 1041 2769 (5.)
1069 2728 1168 2763 diese
1193 2728 1329 2762 V'olker
1352 2726 1458 2762 auch.
