1747 3120
1573 170 1621 202 11

192 281 325 330 atque
344 269 546 318 Africae3
577 277 696 312 certe
715 265 971 314 ἀνθύπατον
991 275 1121 310 vocat
1143 258 1272 309 etiam
1287 264 1515 310 Himerius
1532 267 1617 316 Μ),

191 343 314 387 unde
345 343 400 385 de
430 342 749 400 proconsulatu
776 339 968 382 Achaiae
998 339 1218 380 coniicere
1238 337 1363 385 licet,
1396 351 1526 393 quem
1549 351 1622 378 ex-

189 415 345 458 tremis
361 412 606 457 Constantii
622 411 759 463 annis,
787 410 974 452 forsitan
996 424 1065 450 an.
1086 415 1183 454 361.
1204 415 1376 466 gestum
1405 422 1511 461 esse,
1529 423 1623 464 pu..

188 493 254 528 tat
283 483 616 528 Wernsdorfius
641 483 722 537 ¹¹).
782 480 957 524 Africae
990 482 1354 536 proconsulatum
1387 494 1442 520 ex
1463 477 1624 520 Codice

188 555 504 600 Theodosiano
547 555 602 597 ad
637 551 872 595 exordium
909 549 1212 593 Valentiniani
1243 551 1384 593 refert
1407 549 1621 594 Valesius.

187 628 333 671 Multo
353 633 528 685 postea,
558 629 610 663 ut
627 623 779 665 scribit
797 621 1084 675 Ammianus,
1117 623 1170 665 ad
1190 622 1497 665 praefecturae
1518 619 1626 671 (Ur-

189 699 286 750 bis)
323 698 500 740 culmen
535 701 713 735 evectus
749 701 836 746 est,
873 694 994 735 cuius
1023 693 1295 735 mentionem
1329 690 1467 734 iniicit
1490 690 1626 731 etiam

189 767 488 825 Symmachus
522 767 603 818 ¹¹²).
670 764 805 822 Quod
839 764 1100 821 Onuphrius
1130 758 1370 806 panvinius
1403 761 1449 803 in
1486 760 1624 802 Fastis

187 845 335 890 notat,
381 837 481 878 iniit
514 851 611 878 eam
651 836 963 878 Valentiniano
1002 842 1046 876 et
1087 835 1275 877 Valente
1303 834 1443 889 Augg.
1468 833 1622 875 Conss.

186 908 500 951 Tillemontius
531 907 696 949 indicat
722 922 891 949 annum
926 907 1034 949 Chr.
1068 912 1151 952 370
1181 927 1235 936 -·
1267 911 1364 951 372.
1423 903 1626 948 Admini-

186 979 348 1021 stravit
360 985 506 1020 autem
520 993 617 1020 eam
629 978 683 1020 ad
704 979 909 1021 favorem
929 978 1085 1036 populi
1105 975 1436 1035 adipiscendum
1453 971 1623 1031 aptissi-

187 1062 276 1100 me,
290 1063 613 1104 nonnunquam
631 1050 918 1103 severissime,
931 1050 1005 1093 sed
1022 1049 1077 1092 ad
1094 1064 1272 1092 morum
1295 1045 1624 1090 luxuriantium

189 1119 508 1162 correctionem
529 1136 691 1176 parum
712 1129 987 1171 constanter,
1017 1121 1072 1162 de
1091 1135 1181 1176 quo
1209 1120 1339 1175 plura
1356 1117 1490 1160 affert
1508 1116 1625 1159 Am·-

188 1190 361 1232 mianus
386 1190 681 1234 Marcellinus.
741 1191 913 1249 Quodsi
931 1191 1047 1232 idem
1067 1191 1139 1232 ille
1163 1189 1479 1246 estAmpelius‚
1498 1187 1622 1230 cuius

188 1261 461 1302 mentionem
486 1261 592 1303 facit
612 1261 821 1304 Sidonius
845 1260 1130 1318 Apollinaris,
1163 1275 1266 1301 cum
1287 1260 1405 1301 inter
1425 1259 1622 1301 eruditos

188 1332 390 1373 homines
424 1346 513 1372 non
542 1332 634 1373 sine
661 1332 789 1374 laude
808 1340 1027 1389 ponatur,
1058 1339 1101 1373 et
1121 1332 1263 1388 ipsum
1286 1330 1522 1372 literarum
1542 1330 1622 1372 sci-

189 1403 305 1444 entia
340 1403 608 1444 instructum
638 1403 774 1445 fuisse
798 1402 1008 1445 credibile
1031 1410 1109 1444 est.
1167 1402 1227 1444 Et
1245 1401 1305 1444 sic
1324 1400 1451 1443 facile
1471 1408 1624 1443 auctor

188 1473 290 1516 libri
309 1473 444 1515 huius
471 1473 706 1530 multiplici
731 1482 774 1516 et
797 1474 919 1516 varia
935 1489 1087 1516 rerum
1114 1473 1238 1530 copia
1261 1471 1415 1514 referti
1434 1486 1527 1513 esse
1545 1485 1623 1529 po-

187 1544 289 1586 tuit.
348 1544 587 1587 Diversum
607 1553 758 1587 tamen
788 1554 990 1588 nostrum
1012 1546 1128 1587 hunc
1160 1552 1289 1602 putat
1324 1542 1559 1586 Fabricius
1597 1558 1625 1585 a

188 1614 463 1672 Symmachi,
494 1623 538 1657 et
562 1617 677 1672 quod
697 1616 803 1658 hinc
823 1615 1118 1671 consequitur,
1149 1615 1281 1657 etiam
1305 1615 1494 1657 aliorum
1517 1614 1623 1656 Am-

188 1685 326 1742 peli03
358 1685 401 1726 in
420 1702 507 1741 quo
526 1689 871 1730 consentientem
888 1685 1274 1738 habetDak-eram,
1285 1694 1404 1728 recte
1427 1685 1620 1741 quidem,

189 1757 225 1798 si
244 1757 498 1814 Ampelium
523 1758 647 1800 illum
672 1757 933 1816 Symmachi
955 1756 1137 1800 Sidonio
1154 1757 1382 1812 aequalem
1411 1771 1512 1798 cum
1534 1756 1624 1798 Sa-

187 1842 355 1870 varone
376 1827 508 1870 facias
522 1862 533 1881 ,
569 1829 644 1870 etsi
669 1829 874 1872 Sidonius
895 1829 949 1870 de
974 1840 1025 1868 eo
1045 1835 1254 1883 tanquam
1278 1835 1456 1869 mortuo
1475 1827 1623 1882 loqui-

188 1907 279 1941 tur.
347 1899 491 1948 Alios,
533 1902 606 1956 qni
640 1900 801 1956 passim
821 1906 1089 1945 occurrunt,
1123 1905 1207 1939 eta
1229 1897 1430 1940 Fabricio
1450 1899 1622 1957 produ-

189 1976 366 2021 cuntur,
405 1969 439 2011 si
473 1973 541 2013 vel
567 1972 611 2012 in
634 1988 685 2012 eo
705 1970 922 2013 addideris
943 1968 1106 2012 Alarici
1127 1968 1292 2020 filium,
1324 1968 1519 2013 eiusdem
1539 1988 1622 2014 no-

190 2040 346 2093 minis,
375 2056 508 2084 nemo
529 2044 580 2085 ad
602 2050 828 2097 nostrum,
859 2041 978 2098 quod
1011 2040 1216 2097 equidem
1247 2042 1406 2096 sciam,
1451 2044 1615 2095 retulit.

191 2126 271 2153 nec
292 2121 461 2155 temere
481 2113 699 2156 retulerit.

280 2247 321 2292 3)
347 2246 539 2292 Ἀμπέὶιος.

280 2322 321 2366 4)
347 2323 418 2356 Ubi
441 2324 575 2358 vitiose
600 2325 776 2359 sciibitur
797 2322 999 2370 Ἄμπήλιος.

280 2394 321 2441 5)
346 2397 467 2432 Veluti
500 2402 631 2432 ,savaro
664 2400 708 2433 ad
741 2399 937 2434 Sidonium
962 2401 987 2435 1.
1013 2401 1053 2444 l.‚
1089 2402 1295 2434 Borriclu'uo
1328 2400 1366 2433 in
1405 2399 1621 2442 Conspectu

191 2453 342 2490 Auctor.
365 2456 488 2490 Latin.
505 2468 541 2501 p.
567 2461 636 2501 93„
656 2463 704 2500 et,
728 2468 820 2502 quos
839 2469 950 2503 supra
965 2459 1264 2503 commemoravi,
1278 2457 1487 2500 salmasius,
1510 2457 1620 2489 Jl‘qu-

194 2511 370 2550 iat-chem,
395 2515 537 2556 Saxim,
564 2515 815 2559 lVern-sdofius
840 2529 889 2551 cc.
915 2516 939 2549 l.
963 2516 988 2551 I·

282 2585 322 2627 (i)
347 2587 516 2619 Ammian.
541 2597 572 2621 c.
599 2587 625 2623 l.

283 2659 322 2702 ⁷)
349 2660 474 2700 V2‘54.

284 2733 324 2777 8)
348 2735 524 2767 Ammian.
550 2747 580 2769 c.
606 2735 630 2768 l.
