1747 3120
1466 197 1543 226 xlx

115 299 378 348 municavit,
409 299 464 341 ad
492 312 625 355 quam
653 303 800 340 textus
822 293 1028 337 hodierni
1053 293 1248 337 formam
1265 301 1309 336 et
1327 291 1544 335 rationem

120 374 300 428 exigere
328 370 500 412 licebat.
559 370 678 412 Haec
706 367 842 423 igitur
863 365 1102 408 habuimus
1125 365 1289 413 adhuc,
1318 378 1432 421 quae
1458 362 1546 404 tri-

115 441 221 482 buta
251 449 396 483 essent
424 441 653 499 Ampeli03
685 445 832 480 textus
863 436 960 494 ipse
990 436 1124 492 jacuit
1157 436 1361 478 sordibus
1393 433 1547 492 priscis

115 512 403 568 inquinatus,
443 527 516 554 res
544 512 665 569 ipsae
703 510 941 567 pleraeque
972 507 1163 550 tenebris
1201 506 1424 560 occultae,
1465 520 1547 547 nec

115 583 258 625 oratio
287 582 516 625 monitoris
552 590 596 623 et
630 579 847 622 adiutor-is
885 593 1015 634 opem
1054 585 1238 635 experta
1279 586 1354 620 est.
1415 576 1547 635 Quod

116 653 237 694 enim
272 652 406 695 tradit
433 651 686 709 Koerzigius
711 651 777 706 ³³)
809 652 864 693 ab
895 649 1063 692 Oiselio
1092 664 1192 690 cum
1224 647 1548 690 commentario

115 723 283 766 editum
321 722 458 764 fuisse
484 721 745 778 Ampeliurn
772 737 844 764 an.
877 728 1002 767 1672.
1041 720 1122 762 etsi
1154 720 1229 762 diu
1262 721 1549 776 multumque

119 793 343 849 quaesivi,
384 805 548 834 vacuus
585 798 737 834 tamen
767 808 791 834 a
826 793 979 834 labore
1013 806 1191 849 semper
1229 792 1365 844 redii,
1403 805 1550 847 neque

114 863 305 904 excussis
337 863 425 906 suis
455 862 612 920 opibus
633 863 1084 921 locupletissimisque
1109 862 1409 905 Bibliothecae
1440 862 1549 905 Ele-

112 933 286 974 ctoralis
309 933 568 977 Dresdensis
593 934 812 977 thesauris
831 935 934 977 alibi
958 941 1157 977 notatam
1183 934 1448 990 investigare
1471 948 1549 990 po-

109 1003 196 1046 tuit
217 1003 532 1063 Adelzmgius,
565 1021 696 1061 quem
726 1007 913 1048 honoris
940 1020 1068 1047 causa
1091 1007 1296 1057 nomino,
1328 1012 1547 1060 quantum

110 1075 204 1116 eius
246 1075 583 1119 benevolentiae
619 1085 853 1134 acceptum
891 1076 1098 1130 tulerim,
1143 1091 1224 1118 suo
1254 1076 1351 1117 loco
1386 1076 1549 1117 melius

110 1144 389 1203 praedicabo.
449 1147 680 1203 Bipontini
707 1147 870 1199 etiam,
901 1149 978 1204 qui
1005 1148 1137 1190 Floro
1167 1146 1369 1188 notitiam
1401 1147 1547 1189 litera·

109 1216 224 1259 riam
253 1217 500 1260 editionum
528 1217 721 1273 Ampelii
748 1225 1104 1275 praeposuerunt
1128 1217 1354 1259 uberrime
1376 1219 1548 1259 instru-

110 1294 251 1337 ctam,
281 1301 428 1342 neque
451 1301 547 1328 eam
572 1294 754 1338 norunt,
786 1303 929 1344 neque
955 1289 1138 1330 omnino
1162 1289 1399 1330 editionem
1428 1288 1547 1330 Flori

109 1365 152 1399 et
172 1357 366 1414 Ampelii
385 1372 437 1399 eo
461 1373 579 1399 anno
600 1357 762 1399 faciam
784 1358 996 1401 indicant.
1057 1359 1196 1402 Abeat
1216 1359 1349 1415 igitur
1368 1360 1443 1402 illa
1457 1360 1549 1402 cdi-

107 1427 168 1469 tio
188 1435 433 1484 augeatque
459 1437 822 1471 commentorum
846 1430 1095 1479 cumulum,
1127 1431 1201 1486 qui
1221 1438 1290 1472 sat
1312 1431 1427 1473 altus
1445 1447 1547 1474 con-

105 1499 203 1555 geri
252 1500 390 1555 possit
429 1514 486 1541 ex
539 1499 870 1542 narrationibus
924 1501 1158 1543 doctorum
1209 1501 1445 1545 hominum
1493 1503 1549 1544 de

108 1577 311 1611 veterum
353 1576 556 1612 actorum
591 1571 781 1627 antiquis
821 1571 1019 1614 maxime
1055 1572 1350 1625 editionibus,
1406 1574 1549 1616 donec

107 1641 299 1699 prodeat
333 1641 455 1683 testis
480 1641 691 1693 idoneus,
729 1640 804 1697 qui
839 1656 883 1682 se
917 1649 1037 1684 recte
1072 1650 1115 1685 et
1148 1659 1251 1685 vere
1281 1644 1443 1687 vidisse
1475 1648 1546 1690 vel

116 1712 342 1768 possidere
370 1710 578 1753 affirmet.
637 1713 705 1754 Ex
728 1710 973 1754 editionum
998 1719 1150 1755 autem
1179 1714 1327 1771 copia,
1353 1732 1546 1771 quarum

105 1782 436 1833 recentissima,
474 1783 592 1839 quod
627 1782 831 1838 equidem
875 1783 1039 1836 sciam,
1081 1792 1235 1827 curata
1270 1794 1334 1827 est
1364 1788 1549 1831 Norim-

107 1854 270 1910 bergae
299 1860 418 1899 1787.
445 1858 512 1898 12.
541 1854 779 1910 plerasque
796 1854 1003 1896 manibus
1023 1855 1221 1908 versavi,
1253 1859 1450 1901 maxime
1471 1877 1545 1904 an,

107 1925 318 1982 tiquiores
349 1940 452 1966 curn
497 1925 819 1967 recentioribus
867 1925 1146 1983 comparavi,
1207 1927 1327 1970 unde
1365 1931 1544 1986 quidem

107 1994 278 2038 fructus
297 1996 451 2053 aliquis
479 1996 651 2053 percipi
670 2005 829 2054 posset.
867 1996 1003 2039 Extat
1022 1997 1154 2039 etiam
1187 1999 1331 2041 versio
1352 2002 1546 2061 Ampelii

106 2066 280 2118 Italica,
312 2067 478 2109 Romae
503 2072 623 2111 1639.
659 2073 725 2112 12.
749 2068 950 2124 vulgata,
980 2069 1108 2110 cuius
1128 2078 1283 2111 auctor
1306 2069 1392 2116 fuit
1411 2075 1547 2119 Santi

113 2137 262 2180 conti.
294 2137 511 2179 Indicavit
535 2153 632 2180 eam
653 2138 895 2182 Fabricius
917 2140 963 2181 in
983 2139 1259 2182 Bibliotheca
1278 2142 1436 2188 Latina
1456 2148 1483 2189 l.
1497 2149 1542 2202 1.,

104 2208 178 2249 sed
208 2207 406 2250 admixto
425 2224 592 2263 errore,
620 2225 768 2267 quem,
791 2226 893 2253 cum
913 2210 968 2252 ab
991 2210 1109 2263 aliis,
1140 2211 1387 2267 Bipouiinis
1407 2219 1539 2261 etiam

105 2286 342 2334 exceptum
365 2288 408 2320 et
427 2290 721 2339 propagatum
740 2281 941 2334 videam,
975 2289 1132 2324 notare
1162 2283 1232 2325 hic
1252 2282 1396 2327 liceat.
1428 2286 1541 2329 Scri-

107 2347 171 2398 bit
189 2349 306 2391 enim
334 2350 561 2395 Fabricius
587 2354 849 2409 adjunctum
876 2368 968 2396 esse
987 2353 1178 2396 Sextum
1201 2353 1386 2404 Rufum.
1409 2373 1539 2413 quem

108 2421 257 2460 tamen
279 2429 425 2476 postea
449 2422 630 2466 demum
656 2423 701 2467 in
720 2425 910 2482 repetita
927 2424 1119 2481 Ampelii
1140 2426 1353 2480 versione,
1373 2429 1542 2473 Romae

111 2491 235 2531 1672.
275 2496 341 2534 12.
374 2493 570 2537 additum
613 2512 728 2548 esse,
766 2497 914 2539 docuit
949 2496 1141 2541 Paitoni
1182 2500 1278 2552 ³⁴),
1320 2505 1364 2540 et
1386 2507 1542 2543 contra

107 2555 368 2602 Fabricium
402 2565 562 2608 diserte
589 2567 779 2609 monuit.

198 2628 261 2672 3⁰)
286 2631 377 2675 Cap.
402 2637 469 2677 40,
494 2646 529 2679 p.
552 2648 602 2672 m.
626 2645 706 2677 610.

197 2689 262 2733 31)
286 2692 404 2728 Carni.
417 2695 483 2739 IX,
501 2701 578 2736 301.
592 2709 620 2731 s.
640 2703 719 2737 305.

195 2749 260 2794 32)
284 2753 374 2786 Eius
398 2755 577 2800 Epistolis
603 2759 764 2802 praefixa
788 2769 823 2803 p.
847 2761 902 2800 68.

195 2811 260 2857 33)
286 2814 327 2846 In
354 2815 589 2851 Bibliotheca
613 2825 736 2852 vetere
759 2830 855 2854 nova
880 2833 914 2866 p.
939 2826 998 2860 34.

196 2872 261 2913 34)
287 2875 331 2908 In
355 2876 562 2910 Biblioteca
589 2877 685 2922 degli
710 2880 857 2915 auctori
880 2880 1022 2916 antichi
1045 2883 1152 2916 Toni.
1178 2883 1227 2916 11.
1251 2893 1286 2927 p.
1311 2889 1368 2923 76.
