1747 3120
1526 179 1589 209 XV

157 281 444 327 mendatione
470 279 619 335 aliqua
640 277 865 319 munitum
885 275 931 316 in
951 275 1095 317 lucem
1115 273 1337 332 publicam
1356 273 1587 331 producat,

158 356 308 398 deesse
326 359 370 395 et
389 350 458 397 isti
481 349 627 392 officio
649 347 784 390 nolui.

248 469 306 513 25)
333 470 400 503 An.
428 472 526 508 1723-
553 479 590 512 P·
618 470 694 505 114.

249 530 310 574 26)
336 529 482 569 XXVI,
507 533 539 566 1.

247 590 306 633 27)
331 587 449 633 Lugd.
475 587 555 621 Bat.
581 588 680 624 1655.
707 589 761 623 12.

250 649 311 694 28)
336 650 363 685 1.
388 659 419 681 c.

249 710 308 755 29)
333 709 371 742 in
398 708 609 750 Conspectu
635 705 806 738 Auctorr.
833 703 913 737 Lat.
940 708 971 742 4.
998 714 1031 748 p.
1058 707 1114 743 23.

800 823 836 869 ἓ.
883 822 923 862 6.

267 906 338 948 De
360 903 562 948 oratione
582 910 729 946 autem
747 902 947 960 primum
973 916 1074 944 cum
1089 898 1333 944 Latinitatis
1354 905 1592 957 corruptae

155 975 295 1019 multa
316 983 360 1019 et
381 975 602 1019 luculenta
619 974 744 1030 signa
771 973 995 1030 praeferat
1021 972 1095 1014 hic
1115 972 1228 1014 liber
1241 1005 1254 1026 ,
1296 970 1378 1013 etsi
1398 970 1550 1026 aliqua
1567 984 1592 1011 a

155 1047 328 1090 librarii
350 1045 568 1104 imperitis
590 1044 795 1087 manibus
821 1044 1031 1100 adspersa
1051 1058 1145 1086 esse
1166 1042 1385 1094 arbitror,
1415 1056 1506 1084 non
1524 1055 1591 1083 re-

155 1116 326 1172 fragor,
364 1117 401 1157 si
429 1115 525 1171 quis
564 1115 839 1169 aliquantum
870 1114 924 1155 ab
951 1114 1102 1156 indole
1142 1122 1186 1156 et
1212 1112 1427 1170 elegantia
1457 1110 1591 1169 prisci

156 1186 254 1227 aevi
272 1184 477 1227 recedere
500 1184 628 1227 dicat.
673 1183 828 1239 Neque
846 1183 1040 1226 brevitas
1060 1184 1156 1241 ipsa
1175 1183 1438 1226 narrationis
1457 1189 1500 1223 et
1520 1181 1592 1224 ad-

156 1255 352 1297 strictior
387 1262 454 1296 tot
483 1262 796 1309 tantarumque
823 1268 980 1295 rerum
1017 1254 1274 1310 complexus
1311 1253 1590 1302 admittebat,

156 1331 235 1367 aut
251 1323 548 1378 desiderabat,
582 1326 619 1367 si
651 1324 724 1367 vel
750 1323 948 1366 maxime
985 1324 1249 1366 enitendum
1281 1330 1479 1382 putasset
1508 1338 1593 1366 au-

157 1403 275 1446 ctor,
313 1394 525 1438 orationis
551 1396 813 1438 concinnam
843 1395 1112 1437 suavitatem
1144 1408 1518 1450 numerosamque
1550 1401 1595 1436 et

155 1464 382 1523 copiosam
405 1464 666 1508 ubertatem.
728 1464 930 1517 Sufficit,
970 1465 1005 1508 si
1034 1466 1260 1522 exceperis
1279 1466 1414 1508 seculi
1432 1465 1594 1517 labem,

156 1536 482 1592 descriptorum
503 1534 674 1578 incuria
694 1543 773 1578 aut
793 1535 965 1578 inscitia
985 1543 1177 1588 auctam,
1199 1535 1253 1578 de
1268 1551 1356 1593 qua
1375 1536 1595 1579 monendi

155 1614 259 1650 sunt
279 1607 481 1661 juvenes,
512 1606 617 1648 satis
637 1614 758 1648 recte
781 1607 1095 1665 eleganterque
1117 1623 1217 1650 cum
1238 1607 1507 1664 exposuisse,
1526 1615 1594 1648 te-

159 1676 331 1732 nuique
347 1676 559 1718 orationis
580 1676 701 1718 cultu
720 1684 764 1719 et
782 1676 1000 1733 simplici,
1031 1678 1172 1735 qualis
1193 1678 1398 1732 decebat,
1429 1691 1594 1720 narra-

155 1748 296 1792 tiones
316 1745 569 1790 confecisse.

810 1871 851 1927 ὃ.
892 1878 931 1918 7.

266 1955 329 1998 At
344 1953 605 2012 spectandae
624 1953 697 1996 hic
717 1961 820 1997 sunt
840 1957 1122 2013 potissimum
1144 1973 1212 2002 res
1231 1957 1376 2016 ipsae,
1409 1972 1517 2013 quas
1539 1971 1592 1998 ex

156 2031 250 2066 toto
278 2031 502 2067 terrarum
530 2023 638 2066 orbe
662 2026 926 2082 conquisitas
953 2038 1287 2086 contractasque
1315 2028 1517 2070 breviter
1549 2035 1593 2069 et

156 2093 266 2136 locis
285 2093 373 2137 suis
392 2094 629 2150 descriptas
659 2094 740 2137 sub
760 2096 1014 2154 adspectum
1035 2099 1180 2156 ponit.
1213 2108 1261 2142 ut
1286 2099 1474 2155 intelligi
1494 2100 1528 2142 si
1535 2113 1591 2141 ne

153 2179 281 2207 mora
303 2172 347 2206 et
366 2164 495 2207 citius
527 2165 581 2206 ad
610 2175 807 2210 mentem
839 2165 1005 2211 deferri
1027 2171 1262 2227 tenerique
1289 2170 1469 2228 possint.
1529 2170 1591 2212 Ut

154 2241 302 2277 autem
325 2234 454 2278 facile
470 2237 601 2279 allicit
621 2239 813 2294 legentes
830 2239 1103 2297 delectatque
1122 2241 1235 2284 mira
1257 2255 1413 2284 eorum
1439 2228 1589 2284 varie-

153 2312 244 2357 tas,
273 2305 333 2348 ita
354 2305 481 2349 etiam
502 2309 667 2352 excitat
684 2310 965 2368 intenditque
984 2312 1228 2354 multarum
1258 2313 1453 2363 novitas,
1485 2327 1589 2369 quas

154 2375 330 2418 aliunde
362 2377 530 2420 discere
559 2394 650 2422 non
689 2381 849 2424 licebat
879 2390 924 2424 et
955 2383 1072 2425 solus
1100 2382 1308 2437 tradidit,
1354 2383 1495 2425 veluti
1533 2383 1590 2424 de

158 2444 394 2501 Marcello,
424 2463 556 2506 quem
581 2466 676 2508 cap.
694 2449 852 2498 XVIII.
877 2453 1075 2496 docuisse
1096 2454 1251 2497 scribit
1269 2453 1455 2510 equites,
1485 2469 1589 2510 quo-

158 2513 291 2556 modo
307 2517 401 2558 sine
429 2518 535 2575 fuga
554 2523 774 2565 cederent.
833 2525 899 2568 lta
920 2539 1033 2582 quae
1057 2525 1110 2566 de
1126 2525 1320 2580 Cethego
1339 2541 1432 2583 cap.
1455 2525 1587 2579 XIX„

155 2582 211 2625 de
232 2584 412 2641 Opimio
431 2603 525 2647 cap.
550 2589 686 2634 XXII.
715 2601 879 2647 narrat,
908 2594 956 2637 in
975 2595 1070 2638 aliis
1093 2596 1226 2638 hodie
1244 2612 1334 2638 non
1356 2595 1585 2653 reperiun-

155 2659 257 2707 tur,
289 2663 354 2708 et,
384 2664 431 2700 ut
449 2659 534 2702 alia
556 2663 760 2720 exempla
792 2671 983 2719 taceam,
1022 2681 1135 2723 quae
1163 2667 1210 2710 in
1237 2668 1350 2710 notis
1379 2666 1583 2719 indicavi,

153 2723 346 2779 plurima
374 2727 421 2771 in
450 2729 607 2787 primis
638 2734 855 2780 exhibent
881 2752 1009 2798 capp.
1038 2739 1088 2782 Π.
1114 2739 1227 2784 V111.
1256 2739 1357 2792 IX.‚
1399 2753 1513 2796 quae
1541 2746 1584 2779 et
