1747 3120
216 184 272 213 XX

881 277 973 332 §9-

327 347 477 404 Quam
510 363 590 405 ego
622 347 840 390 rationem
875 348 922 388 in
955 347 1204 390 accuranda
1238 349 1331 393 hac'
1355 351 1546 394 editione
1576 368 1649 395 se-

211 423 343 459 cutus
375 418 481 466 sini,
517 418 594 458 etsi
616 417 710 474 ipso
735 433 817 460 usu
838 420 1038 475 cognosci
1070 419 1236 475 optime
1265 422 1425 477 possit,
1456 425 1649 468 breviter

210 494 364 542 tamen
393 487 634 528 admonere
670 504 762 530 non
795 489 1018 541 dubitavi,
1051 499 1098 532 ut
1127 491 1180 532 de
1214 491 1324 531 meis
1349 494 1589 548 conatibus,
1610 496 1648 538 si

212 571 406 611 aequum
446 556 651 599 animum
686 558 1042 614 benevolumque
1073 561 1301 603 attulerint
1328 561 1537 617 lectores,
1571 581 1648 608 re-

211 635 278 669 cte
310 627 442 669 etiam
481 642 672 684 vereque
709 630 918 685 judicent.
979 630 1094 672 Cum
1132 634 1252 674 euim
1291 639 1334 672 et
1373 633 1441 673 hic
1477 632 1648 677 libellus

213 700 433 754 juvenum
469 699 652 741 scientia
681 702 1013 756 provectiorum
1048 703 1200 745 usibus
1233 702 1471 759 praecipue
1502 702 1649 746 inser-

211 768 310 812 vire
343 768 505 825 possit,
536 769 610 825 qui
643 779 794 814 mente
816 772 1042 829 complecti
1070 789 1223 816 rerum
1245 786 1469 814 summam
1491 774 1648 827 velint,

211 853 407 895 quarum
439 840 704 897 ampliorem
727 849 770 883 et
790 843 1074 885 excultiorem
1097 844 1434 901 descriptionem
1458 843 1552 900 ipsa
1574 860 1648 887 an-

213 909 446 966 tiquorum
480 919 714 953 auctorum
750 913 881 954 lectio
918 915 1120 961 exhibet,
1152 913 1222 954 vel
1259 913 1454 954 recolere
1485 922 1528 955 et
1556 929 1646 956 uno

211 981 338 1037 quasi
366 981 525 1022 obtutu
546 992 845 1040 prospectare,
879 999 992 1041 quae
1019 983 1194 1039 longius
1213 983 1430 1039 latiusque
1453 984 1646 1041 dispersa

210 1068 294 1110 per
320 1061 522 1095 auctores
552 1054 873 1106 lustraverant,
904 1070 1087 1104 vanam,
1119 1054 1211 1094 imo
1242 1054 1435 1105 nullam,
1465 1071 1647 1112 operam

212 1124 344 1175 duxi,
373 1124 407 1165 si
430 1123 620 1166 auctoris
639 1123 802 1174 verba,
834 1124 979 1178 qualia
1004 1124 1149 1164 adhuc
1178 1121 1460 1175 ferebantur,
1491 1125 1647 1166 redde-

211 1209 338 1246 rem,
377 1193 667 1248 virorumque
706 1193 941 1234 doctorum
974 1194 1248 1248 conjecturas
1280 1194 1392 1234 meis
1421 1195 1649 1250 qualibus-

211 1279 407 1320 cumque
441 1278 675 1319 augerem,
706 1279 869 1320 parum
902 1265 1122 1316 curiosus,
1155 1280 1212 1306 an
1242 1264 1383 1306 oratio
1417 1273 1527 1306 esset
1553 1266 1649 1308 usi-

211 1342 305 1376 tata
331 1343 374 1387 et
402 1333 662 1391 probabilis,
697 1350 751 1376 an
781 1350 850 1376 res
874 1335 993 1391 ipsae
1014 1342 1131 1376 recte
1154 1343 1197 1376 et
1219 1335 1376 1376 ordine
1397 1335 1646 1391 expositaeg,

211 1414 365 1448 utrum
380 1406 424 1447 in
439 1405 597 1446 umbra
613 1412 655 1446 et
672 1405 861 1447 tenebris
878 1404 1037 1446 incerti
1055 1412 1255 1445 errarent
1273 1405 1467 1456 iuvenes,
1480 1405 1646 1447 anluce

211 1475 459 1518 collustrati
481 1490 537 1517 ex
556 1476 639 1517 hac
659 1476 779 1532 quasi
794 1476 1038 1532 angustiori
1058 1476 1238 1533 specula
1257 1475 1429 1530 longius
1449 1475 1648 1518 circum-

207 1547 377 1604 spicere
394 1555 592 1604 patentes
604 1547 875 1604 antiquitatis
891 1562 1070 1603 campos
1090 1553 1267 1602 possent
1283 1546 1530 1588 etremetiri
1543 1562 1645 1588 ocu·

207 1618 272 1671 lis,
287 1633 399 1673 quae
424 1617 643 1675 anteaipsi
658 1616 839 1673 propius
855 1617 1054 1658 adierant
1075 1625 1115 1658 et
1129 1617 1374 1659 accuratius
1391 1624 1516 1659 erant
1536 1632 1645 1659 con-

206 1688 421 1745 templati.
481 1690 546 1731 Ita
583 1703 692 1730 vero
721 1694 766 1727 et
793 1687 838 1727 in
874 1695 996 1728 tanta
1027 1702 1178 1728 rerum
1208 1687 1514 1741 diversarum,
1544 1689 1643 1732 sin-

208 1760 433 1816 gularium
468 1759 620 1810 etiam,
662 1767 705 1800 et
731 1757 932 1813 undique
965 1759 1253 1800 collectarum
1285 1758 1510 1815 farragine
1531 1775 1644 1803 con-

206 1838 464 1886 structaque
490 1830 713 1887 congerie,
744 1829 781 1870 si
806 1830 980 1885 singula
1008 1830 1167 1871 vellem
1203 1829 1433 1886 persequi,
1467 1829 1644 1886 longior

205 1902 398 1944 instabat
420 1901 506 1954 via,
533 1902 676 1943 multa
703 1908 829 1942 erant
855 1900 1175 1956 investiganda,
1207 1900 1347 1942 multa
1368 1899 1642 1956 exploranda

208 1982 253 2016 et
275 1989 329 2015 ex
355 1980 590 2015 auctorum
613 1971 786 2013 circulis
815 1971 1135 2027 conquirenda,
1166 1985 1277 2026 quae
1310 1970 1563 2012 conferrem
1585 1970 1640 2012 ad

205 2045 398 2099 singulas
428 2043 705 2085 narrationes
737 2049 781 2083 et
809 2042 1072 2099 depromere
1094 2041 1181 2082 suis
1201 2042 1309 2083 locis
1333 2049 1434 2097 apte
1452 2040 1640 2084 utiliter-

208 2130 294 2172 que
329 2130 514 2172 possem.
573 2116 623 2157 In
662 2128 748 2169 quo
776 2113 928 2155 labore
956 2112 1222 2169 perferendo
1251 2112 1331 2154 etsi
1363 2119 1639 2154 constantem

205 2186 469 2243 patientiam
500 2184 686 2227 minime
710 2183 901 2226 defuisse
927 2183 1038 2224 mihi
1060 2183 1153 2240 ipse
1179 2182 1378 2224 conscius
1408 2196 1531 2234 sum,
1563 2182 1641 2223 ob-

204 2265 351 2299 tusam
395 2264 547 2297 tamen
590 2270 744 2299 rerum
786 2254 1073 2297 multitudine
1119 2254 1350 2296 oculorum
1388 2253 1639 2308 mentisque

203 2329 346 2371 aciem
379 2327 610 2368 deflectere
650 2326 839 2368 subinde
866 2341 893 2367 a
923 2325 1149 2383 proposito
1188 2341 1319 2368 cursu
1354 2332 1397 2366 et
1426 2324 1638 2366 aberrare

201 2399 400 2457 potuisse
426 2398 544 2439 ultro
570 2398 746 2453 largior.
805 2396 942 2453 Quod
963 2396 1101 2438 sicubi
1124 2397 1307 2439 lectores
1329 2394 1545 2437 acutiores
1566 2392 1639 2434 fa-

203 2477 326 2512 ctum
356 2467 757 2525 deprehenderint,
790 2467 1066 2510 excusabunt
1097 2475 1174 2509 aut
1207 2466 1450 2509 monebunt
1470 2465 1638 2507 huma—

200 2540 342 2587 niter;
375 2540 560 2594 juvenes
598 2548 771 2593 autem,
802 2554 1106 2597 quaecumque
1129 2538 1331 2596 apposita
1358 2535 1552 2588 fuerint,
1581 2534 1634 2576 iis

200 2610 404 2653 lubenter
441 2618 636 2654 utentur.

1303 2771 1625 2812 CONSPEGTUS
