<?xml version="1.0" encoding="UTF-8"?>
<!DOCTYPE html PUBLIC "-//W3C//DTD XHTML 1.0 Transitional//EN"
    "http://www.w3.org/TR/xhtml1/DTD/xhtml1-transitional.dtd">
<html xmlns="http://www.w3.org/1999/xhtml" xml:lang="en" lang="en">
 <head>
  <title>
</title>
<meta http-equiv="Content-Type" content="text/html;charset=utf-8" />
  <meta name='ocr-system' content='tesseract 3.04.00' />
  <meta name='ocr-capabilities' content='ocr_page ocr_carea ocr_par ocr_line ocrx_word'/>
</head>
<body>
  <div class='ocr_page' id='page_1' title='image "./libermemorialis00ampeuoft_0026.png"; bbox 0 0 1747 3120; ppageno 0'>
   <div class='ocr_carea' id='block_1_1' title="bbox 147 173 251 318">
    <p class='ocr_par' dir='ltr' id='par_1_1' title="bbox 147 173 251 318">
     <span class='ocr_line' id='line_1_1' title="bbox 148 173 251 206; baseline -0.058 0"><span class='ocrx_word' id='word_1_1' title='bbox 148 173 251 206; x_wconf 84' lang='lat' dir='ltr'>XXII</span> 
     </span>
     <span class='ocr_line' id='line_1_2' title="bbox 147 266 241 318; baseline 0.011 -15"><span class='ocrx_word' id='word_1_2' title='bbox 147 266 241 318; x_wconf 85' lang='lat' dir='ltr'>Cap.</span> 
     </span>
    </p>
   </div>
   <div class='ocr_carea' id='block_1_2' title="bbox 180 1528 220 1704">
    <p class='ocr_par' dir='ltr' id='par_1_2' title="bbox 180 1528 220 1704">
     <span class='ocr_line' id='line_1_3' title="bbox 180 1528 220 1704; textangle 90"><span class='ocrx_word' id='word_1_3' title='bbox 180 1528 220 1704; x_wconf 65' lang='lat' dir='ltr'><strong>{III</strong></span> 
     </span>
    </p>
   </div>
   <div class='ocr_carea' id='block_1_3' title="bbox 186 1922 217 1931">
    <p class='ocr_par' dir='ltr' id='par_1_3' title="bbox 186 1922 217 1931">
     <span class='ocr_line' id='line_1_4' title="bbox 186 1922 217 1931; baseline 0 -2"><span class='ocrx_word' id='word_1_4' title='bbox 186 1922 217 1931; x_wconf 70' lang='grc'>.-</span> 
     </span>
    </p>
   </div>
   <div class='ocr_carea' id='block_1_4' title="bbox 261 256 1342 1543">
    <p class='ocr_par' dir='ltr' id='par_1_4' title="bbox 268 256 1324 356">
     <span class='ocr_line' id='line_1_5' title="bbox 268 256 1318 312; baseline -0.007 -7"><span class='ocrx_word' id='word_1_5' title='bbox 268 262 435 304; x_wconf 90' lang='lat' dir='ltr'><strong>XXVII.</strong></span> <span class='ocrx_word' id='word_1_6' title='bbox 494 261 575 309; x_wconf 86' lang='lat' dir='ltr'>Qui</span> <span class='ocrx_word' id='word_1_7' title='bbox 604 259 794 299; x_wconf 87' lang='lat' dir='ltr'>adversus</span> <span class='ocrx_word' id='word_1_8' title='bbox 822 258 991 312; x_wconf 62' lang='lat' dir='ltr'>patriam</span> <span class='ocrx_word' id='word_1_9' title='bbox 1019 256 1168 296; x_wconf 78' lang='lat' dir='ltr'>nefaria</span> <span class='ocrx_word' id='word_1_10' title='bbox 1194 258 1318 298; x_wconf 85' lang='lat' dir='ltr'>iniere</span> 
     </span>
     <span class='ocr_line' id='line_1_6' title="bbox 510 318 1324 356; baseline -0.001 -1"><span class='ocrx_word' id='word_1_11' title='bbox 510 318 684 356; x_wconf 87' lang='lat' dir='ltr'>consilia.</span> <span class='ocrx_word' id='word_1_12' title='bbox 761 343 1324 355; x_wconf 87' lang='grc'><strong>.........</strong></span> 
     </span>
    </p>

    <p class='ocr_par' dir='ltr' id='par_1_5' title="bbox 263 370 1328 480">
     <span class='ocr_line' id='line_1_7' title="bbox 263 370 1308 423; baseline -0.008 -5"><span class='ocrx_word' id='word_1_13' title='bbox 263 376 449 417; x_wconf 83' lang='lat' dir='ltr'><strong>XXVIII.</strong></span> <span class='ocrx_word' id='word_1_14' title='bbox 510 374 589 420; x_wconf 86' lang='lat' dir='ltr'>Qui</span> <span class='ocrx_word' id='word_1_15' title='bbox 618 375 742 423; x_wconf 85' lang='lat' dir='ltr'>Reges</span> <span class='ocrx_word' id='word_1_16' title='bbox 772 373 839 411; x_wconf 88' lang='lat' dir='ltr'>vel</span> <span class='ocrx_word' id='word_1_17' title='bbox 857 373 986 410; x_wconf 87' lang='lat' dir='ltr'><strong>Duces</strong></span> <span class='ocrx_word' id='word_1_18' title='bbox 1017 384 1106 408; x_wconf 91' lang='lat' dir='ltr'>cum</span> <span class='ocrx_word' id='word_1_19' title='bbox 1123 370 1308 410; x_wconf 86' lang='lat' dir='ltr'>Romanis</span> 
     </span>
     <span class='ocr_line' id='line_1_8' title="bbox 511 430 1328 480; baseline -0.004 -12"><span class='ocrx_word' id='word_1_20' title='bbox 511 430 614 468; x_wconf 87' lang='lat' dir='ltr'>bella</span> <span class='ocrx_word' id='word_1_21' title='bbox 647 436 851 480; x_wconf 88' lang='lat' dir='ltr'>gesserunt</span> <span class='ocrx_word' id='word_1_22' title='bbox 855 455 1328 468; x_wconf 86' lang='grc'><strong>........</strong></span> 
     </span>
    </p>

    <p class='ocr_par' dir='ltr' id='par_1_6' title="bbox 261 485 1332 582">
     <span class='ocr_line' id='line_1_9' title="bbox 261 485 1332 538; baseline -0.007 -10"><span class='ocrx_word' id='word_1_23' title='bbox 261 490 411 528; x_wconf 90' lang='lat' dir='ltr'>XXIX.</span> <span class='ocrx_word' id='word_1_24' title='bbox 469 491 604 527; x_wconf 83' lang='lat' dir='ltr'>Status</span> <span class='ocrx_word' id='word_1_25' title='bbox 629 487 770 538; x_wconf 86' lang='lat' dir='ltr'>Populi</span> <span class='ocrx_word' id='word_1_26' title='bbox 789 485 956 524; x_wconf 89' lang='lat' dir='ltr'>Romani</span> <span class='ocrx_word' id='word_1_27' title='bbox 987 497 1084 536; x_wconf 89' lang='lat' dir='ltr'>quas</span> <span class='ocrx_word' id='word_1_28' title='bbox 1113 489 1332 521; x_wconf 90' lang='lat' dir='ltr'>commuta-</span> 
     </span>
     <span class='ocr_line' id='line_1_10' title="bbox 483 542 1330 582; baseline -0.007 0"><span class='ocrx_word' id='word_1_29' title='bbox 483 545 611 582; x_wconf 86' lang='lat' dir='ltr'>tiones</span> <span class='ocrx_word' id='word_1_30' title='bbox 638 542 832 581; x_wconf 81' lang='lat' dir='ltr'>habuerit.</span> <span class='ocrx_word' id='word_1_31' title='bbox 910 567 1330 580; x_wconf 89' lang='grc'><strong>.......</strong></span> 
     </span>
    </p>

    <p class='ocr_par' dir='ltr' id='par_1_7' title="bbox 262 597 1339 1201">
     <span class='ocr_line' id='line_1_11' title="bbox 263 597 1331 649; baseline -0.007 -9"><span class='ocrx_word' id='word_1_32' title='bbox 263 602 393 640; x_wconf 81' lang='lat' dir='ltr'><strong>XXX.</strong></span> <span class='ocrx_word' id='word_1_33' title='bbox 451 601 612 639; x_wconf 83' lang='lat' dir='ltr'>Initium</span> <span class='ocrx_word' id='word_1_34' title='bbox 641 601 766 649; x_wconf 86' lang='lat' dir='ltr'>Regni</span> <span class='ocrx_word' id='word_1_35' title='bbox 794 597 1047 637; x_wconf 79' lang='lat' dir='ltr'>Mithridatis.</span> <span class='ocrx_word' id='word_1_36' title='bbox 1118 626 1126 634; x_wconf 95' lang='lat'>.</span> <span class='ocrx_word' id='word_1_37' title='bbox 1185 626 1194 634; x_wconf 96' lang='lat'>.</span> <span class='ocrx_word' id='word_1_38' title='bbox 1253 625 1263 633; x_wconf 92' lang='lat'>.</span> <span class='ocrx_word' id='word_1_39' title='bbox 1322 623 1331 633; x_wconf 97' lang='lat'>.</span> 
     </span>
     <span class='ocr_line' id='line_1_12' title="bbox 262 656 1333 708; baseline -0.007 -12"><span class='ocrx_word' id='word_1_40' title='bbox 262 658 412 696; x_wconf 90' lang='lat' dir='ltr'>XXXI.</span> <span class='ocrx_word' id='word_1_41' title='bbox 470 659 596 708; x_wconf 84' lang='lat' dir='ltr'>Reges</span> <span class='ocrx_word' id='word_1_42' title='bbox 623 656 873 694; x_wconf 83' lang='lat' dir='ltr'><strong>Parthorum.</strong></span> <span class='ocrx_word' id='word_1_43' title='bbox 979 681 1333 693; x_wconf 89' lang='grc'><strong>......</strong></span> 
     </span>
     <span class='ocr_line' id='line_1_13' title="bbox 263 709 1331 765; baseline -0.007 -13"><span class='ocrx_word' id='word_1_44' title='bbox 263 714 432 753; x_wconf 88' lang='lat' dir='ltr'><strong>XXXII.</strong></span> <span class='ocrx_word' id='word_1_45' title='bbox 489 715 615 764; x_wconf 85' lang='lat' dir='ltr'>Reges</span> <span class='ocrx_word' id='word_1_46' title='bbox 644 712 922 765; x_wconf 85' lang='lat' dir='ltr'>Cappadociae</span> <span class='ocrx_word' id='word_1_47' title='bbox 954 718 995 750; x_wconf 85' lang='lat' dir='ltr'>et</span> <span class='ocrx_word' id='word_1_48' title='bbox 1023 709 1244 749; x_wconf 81' lang='lat' dir='ltr'>Armeniae.</span> <span class='ocrx_word' id='word_1_49' title='bbox 1323 738 1331 745; x_wconf 92' lang='lat'>.</span> 
     </span>
     <span class='ocr_line' id='line_1_14' title="bbox 264 768 1329 821; baseline -0.006 -13"><span class='ocrx_word' id='word_1_50' title='bbox 264 771 454 810; x_wconf 91' lang='lat' dir='ltr'><strong>XXXIII.</strong></span> <span class='ocrx_word' id='word_1_51' title='bbox 511 772 636 821; x_wconf 84' lang='lat' dir='ltr'>Reges</span> <span class='ocrx_word' id='word_1_52' title='bbox 666 769 783 807; x_wconf 90' lang='lat' dir='ltr'>Asiae</span> <span class='ocrx_word' id='word_1_53' title='bbox 813 775 851 808; x_wconf 88' lang='lat' dir='ltr'>et</span> <span class='ocrx_word' id='word_1_54' title='bbox 876 768 1050 819; x_wconf 83' lang='lat' dir='ltr'>Pergami</span> <span class='ocrx_word' id='word_1_55' title='bbox 1056 793 1329 805; x_wconf 91' lang='grc'><strong>.....</strong></span> 
     </span>
     <span class='ocr_line' id='line_1_15' title="bbox 266 825 1330 877; baseline -0.005 -13"><span class='ocrx_word' id='word_1_56' title='bbox 266 827 451 866; x_wconf 89' lang='lat' dir='ltr'><strong>XXXIV.</strong></span> <span class='ocrx_word' id='word_1_57' title='bbox 508 828 633 877; x_wconf 80' lang='lat' dir='ltr'>Reges</span> <span class='ocrx_word' id='word_1_58' title='bbox 663 825 777 864; x_wconf 83' lang='lat' dir='ltr'>Ponti</span> <span class='ocrx_word' id='word_1_59' title='bbox 808 832 847 864; x_wconf 86' lang='lat' dir='ltr'>et</span> <span class='ocrx_word' id='word_1_60' title='bbox 873 825 1096 876; x_wconf 82' lang='lat' dir='ltr'>Bithyniae.</span> <span class='ocrx_word' id='word_1_61' title='bbox 1184 852 1193 861; x_wconf 93' lang='lat'>.</span> <span class='ocrx_word' id='word_1_62' title='bbox 1252 850 1260 859; x_wconf 90' lang='lat'>.</span> <span class='ocrx_word' id='word_1_63' title='bbox 1322 850 1330 858; x_wconf 92' lang='lat'>.</span> 
     </span>
     <span class='ocr_line' id='line_1_16' title="bbox 265 882 1331 934; baseline -0.006 -12"><span class='ocrx_word' id='word_1_64' title='bbox 265 884 431 922; x_wconf 92' lang='lat' dir='ltr'><strong>XXXV.</strong></span> <span class='ocrx_word' id='word_1_65' title='bbox 490 884 616 934; x_wconf 85' lang='lat' dir='ltr'>Reges</span> <span class='ocrx_word' id='word_1_66' title='bbox 645 882 908 921; x_wconf 81' lang='lat' dir='ltr'>Alexandriae</span> <span class='ocrx_word' id='word_1_67' title='bbox 913 906 1331 920; x_wconf 80' lang='grc'><strong>.......</strong></span> 
     </span>
     <span class='ocr_line' id='line_1_17' title="bbox 267 935 1332 989; baseline -0.007 -11"><span class='ocrx_word' id='word_1_68' title='bbox 267 941 455 978; x_wconf 88' lang='lat' dir='ltr'><strong>XXXVI.</strong></span> <span class='ocrx_word' id='word_1_69' title='bbox 515 941 643 978; x_wconf 91' lang='lat' dir='ltr'>Duces</span> <span class='ocrx_word' id='word_1_70' title='bbox 666 946 705 977; x_wconf 83' lang='lat' dir='ltr'>et</span> <span class='ocrx_word' id='word_1_71' title='bbox 725 940 848 989; x_wconf 80' lang='lat' dir='ltr'>Reges</span> <span class='ocrx_word' id='word_1_72' title='bbox 873 935 1263 988; x_wconf 83' lang='lat' dir='ltr'>Carthaginiensium.</span> <span class='ocrx_word' id='word_1_73' title='bbox 1323 962 1332 971; x_wconf 92' lang='lat'>.</span> 
     </span>
     <span class='ocr_line' id='line_1_18' title="bbox 266 996 1335 1046; baseline -0.004 -12"><span class='ocrx_word' id='word_1_74' title='bbox 266 997 472 1035; x_wconf 86' lang='lat' dir='ltr'><strong>XXXVII.</strong></span> <span class='ocrx_word' id='word_1_75' title='bbox 530 998 656 1046; x_wconf 90' lang='lat' dir='ltr'>Reges</span> <span class='ocrx_word' id='word_1_76' title='bbox 686 996 906 1033; x_wconf 86' lang='lat' dir='ltr'>Numidiae.</span> <span class='ocrx_word' id='word_1_77' title='bbox 980 1017 1335 1033; x_wconf 83' lang='lat'><strong>......</strong></span> 
     </span>
     <span class='ocr_line' id='line_1_19' title="bbox 267 1052 1336 1102; baseline -0.007 -12"><span class='ocrx_word' id='word_1_78' title='bbox 267 1054 491 1090; x_wconf 85' lang='lat' dir='ltr'><strong>XXXVIII.</strong></span> <span class='ocrx_word' id='word_1_79' title='bbox 550 1054 675 1102; x_wconf 82' lang='lat' dir='ltr'>Reges</span> <span class='ocrx_word' id='word_1_80' title='bbox 706 1052 975 1089; x_wconf 86' lang='lat' dir='ltr'>Mauritaniae.</span> <span class='ocrx_word' id='word_1_81' title='bbox 1053 1074 1336 1087; x_wconf 90' lang='lat'><strong>.....</strong></span> 
     </span>
     <span class='ocr_line' id='line_1_20' title="bbox 268 1106 1339 1157; baseline -0.008 -10"><span class='ocrx_word' id='word_1_82' title='bbox 268 1110 459 1148; x_wconf 87' lang='lat' dir='ltr'><strong>XXXIX.</strong></span> <span class='ocrx_word' id='word_1_83' title='bbox 519 1108 598 1155; x_wconf 87' lang='lat' dir='ltr'>Qui</span> <span class='ocrx_word' id='word_1_84' title='bbox 647 1109 838 1145; x_wconf 81' lang='lat' dir='ltr'>adversus</span> <span class='ocrx_word' id='word_1_85' title='bbox 880 1108 978 1157; x_wconf 85' lang='lat' dir='ltr'>Pop.</span> <span class='ocrx_word' id='word_1_86' title='bbox 1016 1106 1182 1143; x_wconf 87' lang='lat' dir='ltr'>Roman.</span> <span class='ocrx_word' id='word_1_87' title='bbox 1231 1115 1339 1140; x_wconf 85' lang='lat' dir='ltr'>arma</span> 
     </span>
     <span class='ocr_line' id='line_1_21' title="bbox 531 1168 1338 1201; baseline -0.009 0"><span class='ocrx_word' id='word_1_88' title='bbox 531 1168 770 1201; x_wconf 86' lang='lat' dir='ltr'>sumserunt.</span> <span class='ocrx_word' id='word_1_89' title='bbox 849 1185 1338 1200; x_wconf 89' lang='grc'><strong>........</strong></span> 
     </span>
    </p>

    <p class='ocr_par' dir='ltr' id='par_1_8' title="bbox 268 1218 1342 1498">
     <span class='ocr_line' id='line_1_22' title="bbox 268 1218 1340 1269; baseline -0.008 -9"><span class='ocrx_word' id='word_1_90' title='bbox 268 1221 352 1260; x_wconf 88' lang='lat' dir='ltr'>XL.</span> <span class='ocrx_word' id='word_1_91' title='bbox 410 1220 522 1259; x_wconf 82' lang='lat' dir='ltr'>Bella</span> <span class='ocrx_word' id='word_1_92' title='bbox 555 1219 687 1257; x_wconf 88' lang='lat' dir='ltr'>civilia</span> <span class='ocrx_word' id='word_1_93' title='bbox 722 1218 851 1269; x_wconf 86' lang='lat' dir='ltr'>quot‘?</span> <span class='ocrx_word' id='word_1_94' title='bbox 911 1242 1340 1255; x_wconf 90' lang='grc'><strong>.......</strong></span> 
     </span>
     <span class='ocr_line' id='line_1_23' title="bbox 269 1273 1339 1326; baseline -0.007 -11"><span class='ocrx_word' id='word_1_95' title='bbox 269 1277 372 1315; x_wconf 86' lang='lat' dir='ltr'><strong>XLI.</strong></span> <span class='ocrx_word' id='word_1_96' title='bbox 433 1275 542 1323; x_wconf 87' lang='lat' dir='ltr'>Quot</span> <span class='ocrx_word' id='word_1_97' title='bbox 576 1289 719 1326; x_wconf 88' lang='lat' dir='ltr'>genera</span> <span class='ocrx_word' id='word_1_98' title='bbox 750 1273 975 1311; x_wconf 67' lang='lat' dir='ltr'>bellorum?</span> <span class='ocrx_word' id='word_1_99' title='bbox 1054 1298 1339 1310; x_wconf 92' lang='grc'><strong>.....</strong></span> 
     </span>
     <span class='ocr_line' id='line_1_24' title="bbox 270 1330 1338 1372; baseline -0.007 -1"><span class='ocrx_word' id='word_1_100' title='bbox 270 1334 390 1372; x_wconf 89' lang='lat' dir='ltr'><strong>XLII.</strong></span> <span class='ocrx_word' id='word_1_101' title='bbox 450 1333 562 1371; x_wconf 88' lang='lat' dir='ltr'>Ordo</span> <span class='ocrx_word' id='word_1_102' title='bbox 591 1333 691 1370; x_wconf 87' lang='lat' dir='ltr'>Belli</span> <span class='ocrx_word' id='word_1_103' title='bbox 721 1330 899 1369; x_wconf 82' lang='lat' dir='ltr'>Mariani.</span> <span class='ocrx_word' id='word_1_104' title='bbox 985 1354 1338 1366; x_wconf 91' lang='grc'><strong>......</strong></span> 
     </span>
     <span class='ocr_line' id='line_1_25' title="bbox 271 1383 1342 1429; baseline -0.007 -1"><span class='ocrx_word' id='word_1_105' title='bbox 271 1389 412 1429; x_wconf 89' lang='lat' dir='ltr'><strong>XLIH.</strong></span> <span class='ocrx_word' id='word_1_106' title='bbox 472 1389 584 1428; x_wconf 86' lang='lat' dir='ltr'>Ordo</span> <span class='ocrx_word' id='word_1_107' title='bbox 617 1388 719 1428; x_wconf 84' lang='lat' dir='ltr'>Belli</span> <span class='ocrx_word' id='word_1_108' title='bbox 759 1387 863 1426; x_wconf 86' lang='lat' dir='ltr'>inter</span> <span class='ocrx_word' id='word_1_109' title='bbox 901 1386 1107 1424; x_wconf 86' lang='lat' dir='ltr'>Caesarem</span> <span class='ocrx_word' id='word_1_110' title='bbox 1146 1389 1187 1422; x_wconf 83' lang='lat' dir='ltr'>et</span> <span class='ocrx_word' id='word_1_111' title='bbox 1221 1383 1342 1421; x_wconf 88' lang='lat' dir='ltr'>Pom-</span> 
     </span>
     <span class='ocr_line' id='line_1_26' title="bbox 476 1460 1338 1498; baseline -0.009 -14"><span class='ocrx_word' id='word_1_112' title='bbox 476 1460 527 1498; x_wconf 86' lang='lat' dir='ltr'>pe</span> <span class='ocrx_word' id='word_1_113' title='bbox 547 1460 625 1483; x_wconf 88' lang='lat' dir='ltr'>um.</span> <span class='ocrx_word' id='word_1_114' title='bbox 707 1467 1338 1483; x_wconf 89' lang='grc'><strong>..........</strong></span> 
     </span>
    </p>

    <p class='ocr_par' dir='ltr' id='par_1_9' title="bbox 268 1461 1338 1543">
     <span class='ocr_line' id='line_1_27' title="bbox 268 1461 1338 1543; baseline -0.009 -1"><span class='ocrx_word' id='word_1_115' title='bbox 268 1503 406 1543; x_wconf 89' lang='lat' dir='ltr'><strong>XLIV.</strong></span> <span class='ocrx_word' id='word_1_116' title='bbox 466 1461 663 1541; x_wconf 68' lang='lat' dir='ltr'>DeJBeHo</span> <span class='ocrx_word' id='word_1_117' title='bbox 693 1499 963 1539; x_wconf 80' lang='lat' dir='ltr'>Macedonico.</span> <span class='ocrx_word' id='word_1_118' title='bbox 1055 1523 1338 1536; x_wconf 90' lang='lat'><strong>.....</strong></span> 
     </span>
    </p>
   </div>
   <div class='ocr_carea' id='block_1_5' title="bbox 268 1551 1340 1950">
    <p class='ocr_par' dir='ltr' id='par_1_10' title="bbox 268 1551 1340 1723">
     <span class='ocr_line' id='line_1_28' title="bbox 268 1551 1340 1606; baseline -0.01 -7"><span class='ocrx_word' id='word_1_119' title='bbox 268 1560 388 1599; x_wconf 89' lang='lat' dir='ltr'><strong>XLV.</strong></span> <span class='ocrx_word' id='word_1_120' title='bbox 447 1559 506 1598; x_wconf 92' lang='lat' dir='ltr'>De</span> <span class='ocrx_word' id='word_1_121' title='bbox 534 1559 656 1598; x_wconf 86' lang='lat' dir='ltr'>variis</span> <span class='ocrx_word' id='word_1_122' title='bbox 691 1558 871 1595; x_wconf 84' lang='lat' dir='ltr'>cladibus</span> <span class='ocrx_word' id='word_1_123' title='bbox 901 1554 1044 1606; x_wconf 85' lang='lat' dir='ltr'>Populi</span> <span class='ocrx_word' id='word_1_124' title='bbox 1073 1551 1253 1592; x_wconf 86' lang='lat' dir='ltr'>Romani.</span> <span class='ocrx_word' id='word_1_125' title='bbox 1333 1579 1340 1587; x_wconf 93' lang='lat'>.</span> 
     </span>
     <span class='ocr_line' id='line_1_29' title="bbox 268 1612 1340 1655; baseline -0.011 1"><span class='ocrx_word' id='word_1_126' title='bbox 268 1616 408 1655; x_wconf 91' lang='lat' dir='ltr'><strong>XLVI.</strong></span> <span class='ocrx_word' id='word_1_127' title='bbox 466 1616 524 1654; x_wconf 91' lang='lat' dir='ltr'>De</span> <span class='ocrx_word' id='word_1_128' title='bbox 554 1615 684 1654; x_wconf 85' lang='lat' dir='ltr'>tribus</span> <span class='ocrx_word' id='word_1_129' title='bbox 714 1613 873 1652; x_wconf 87' lang='lat' dir='ltr'>Punicis</span> <span class='ocrx_word' id='word_1_130' title='bbox 902 1612 1035 1650; x_wconf 82' lang='lat' dir='ltr'>Bellis.</span> <span class='ocrx_word' id='word_1_131' title='bbox 1331 1636 1340 1644; x_wconf 97' lang='lat'>.</span> 
     </span>
     <span class='ocr_line' id='line_1_30' title="bbox 275 1664 1339 1723; baseline -0.011 -10"><span class='ocrx_word' id='word_1_132' title='bbox 275 1673 433 1713; x_wconf 80' lang='lat' dir='ltr'><strong>XLVII.</strong></span> <span class='ocrx_word' id='word_1_133' title='bbox 491 1673 625 1723; x_wconf 85' lang='lat' dir='ltr'>Usque</span> <span class='ocrx_word' id='word_1_134' title='bbox 642 1671 855 1722; x_wconf 84' lang='lat' dir='ltr'>Imperium</span> <span class='ocrx_word' id='word_1_135' title='bbox 868 1667 1028 1721; x_wconf 86' lang='lat' dir='ltr'>Trajani</span> <span class='ocrx_word' id='word_1_136' title='bbox 1047 1666 1117 1718; x_wconf 88' lang='lat' dir='ltr'>qui</span> <span class='ocrx_word' id='word_1_137' title='bbox 1135 1664 1233 1704; x_wconf 85' lang='lat' dir='ltr'>victi</span> <span class='ocrx_word' id='word_1_138' title='bbox 1246 1669 1339 1702; x_wconf 84' lang='lat' dir='ltr'>sunt</span> 
     </span>
    </p>

    <p class='ocr_par' dir='ltr' id='par_1_11' title="bbox 271 1726 1339 1950">
     <span class='ocr_line' id='line_1_31' title="bbox 496 1726 1338 1780; baseline -0.01 -14"><span class='ocrx_word' id='word_1_139' title='bbox 496 1735 535 1766; x_wconf 79' lang='lat' dir='ltr'>et</span> <span class='ocrx_word' id='word_1_140' title='bbox 565 1742 638 1780; x_wconf 89' lang='lat' dir='ltr'>per</span> <span class='ocrx_word' id='word_1_141' title='bbox 669 1740 769 1777; x_wconf 89' lang='lat' dir='ltr'>quos</span> <span class='ocrx_word' id='word_1_142' title='bbox 795 1726 910 1764; x_wconf 76' lang='lat' dir='ltr'>Cives</span> <span class='ocrx_word' id='word_1_143' title='bbox 914 1749 1338 1763; x_wconf 85' lang='grc'><strong>.......</strong></span> 
     </span>
     <span class='ocr_line' id='line_1_32' title="bbox 271 1784 1339 1824; baseline -0.009 0"><span class='ocrx_word' id='word_1_144' title='bbox 271 1784 447 1824; x_wconf 88' lang='lat' dir='ltr'><strong>XLVIII.</strong></span> <span class='ocrx_word' id='word_1_145' title='bbox 506 1785 565 1822; x_wconf 87' lang='lat' dir='ltr'>De</span> <span class='ocrx_word' id='word_1_146' title='bbox 594 1784 782 1822; x_wconf 86' lang='lat' dir='ltr'>Comitiis.</span> <span class='ocrx_word' id='word_1_147' title='bbox 851 1805 1339 1820; x_wconf 87' lang='grc'><strong>........</strong></span> 
     </span>
     <span class='ocr_line' id='line_1_33' title="bbox 272 1835 1339 1892; baseline -0.009 -12"><span class='ocrx_word' id='word_1_148' title='bbox 272 1842 417 1880; x_wconf 91' lang='lat' dir='ltr'><strong>XLIX.</strong></span> <span class='ocrx_word' id='word_1_149' title='bbox 477 1842 533 1880; x_wconf 87' lang='lat' dir='ltr'>De</span> <span class='ocrx_word' id='word_1_150' title='bbox 553 1840 695 1892; x_wconf 91' lang='lat' dir='ltr'>Populi</span> <span class='ocrx_word' id='word_1_151' title='bbox 717 1837 883 1877; x_wconf 84' lang='lat' dir='ltr'>Romani</span> <span class='ocrx_word' id='word_1_152' title='bbox 913 1835 1271 1877; x_wconf 82' lang='lat' dir='ltr'>distributionibus.</span> <span class='ocrx_word' id='word_1_153' title='bbox 1330 1861 1339 1870; x_wconf 88' lang='lat'>.</span> 
     </span>
     <span class='ocr_line' id='line_1_34' title="bbox 271 1896 1337 1950; baseline -0.01 -13"><span class='ocrx_word' id='word_1_154' title='bbox 271 1898 315 1938; x_wconf 89' lang='lat' dir='ltr'>L.</span> <span class='ocrx_word' id='word_1_155' title='bbox 373 1899 432 1938; x_wconf 85' lang='lat' dir='ltr'>De</span> <span class='ocrx_word' id='word_1_156' title='bbox 463 1896 771 1950; x_wconf 88' lang='lat' dir='ltr'>Rebuspublicis</span> <span class='ocrx_word' id='word_1_157' title='bbox 776 1918 1337 1933; x_wconf 33' lang='lat'><strong>..........</strong></span> 
     </span>
    </p>
   </div>
  </div>
 </body>
</html>
