1747 3120
684 155 806 189 cAP.
857 154 920 187 11.
1463 149 1518 190 11·

86 249 301 294 Canicula
326 250 394 303 ²⁴).
462 248 600 293 Libra
638 248 706 304 ³⁵),
746 260 882 303 quam
911 243 1073 288 Graeci
1098 242 1248 302 Ζυγόν
1273 244 1514 303 appellant,

84 322 216 364 virile
240 336 410 364 nomen
433 329 498 364 est
530 320 729 377 adeptus,
786 318 827 359 Is
847 315 970 358 omni
997 316 1257 359 clementiae
1280 315 1448 371 justitia
1467 317 1517 368 ³⁶)

85 392 274 436 Mochos
295 396 348 448 ³⁷)
384 393 526 435 dictus
539 407 553 434 z
589 391 669 449 qui
698 389 871 450 primus
893 388 1055 432 dicitur
1072 388 1217 432 librae
1238 388 1414 447 pondus
1429 386 1512 430 ho-

83 579 143 614 68.
174 574 384 617 „Arcturus
412 574 498 609 ideo
529 572 792 618 arctophylax,
818 571 906 619 quia
935 575 1022 616 post
1047 581 1156 605 ursae
1186 569 1345 606 caudam
1372 570 1521 606 Iocatus

85 636 154 665 est.
200 633 303 667 Item
321 634 479 673 Bootes,
505 631 608 677 quod
629 632 742 666 hoves
760 643 845 664 cum
863 629 1032 676 plaustro
1054 634 1152 674 agat.
1156 629 1243 655 “—-
1512 624 1532 639 '

178 689 244 734 34)
267 691 398 735 Hygin.
413 689 454 724 P.
475 689 518 721 A.
535 689 587 732 ΙΙ,
609 694 643 728 4.
677 689 926 734 „Complures
943 687 1110 721 Icarium
1136 687 1305 727 Booten;
1329 685 1525 730 Erigonen

86 745 281 790 virginem
299 745 615 787 nominaverunt,·
650 757 783 780 canem
811 751 937 779 autem
964 756 1031 779 sua
1054 745 1308 790 appellatione
1335 749 1373 777 et
1395 741 1529 787 specie¹

87 802 299 837 caniculam
332 802 523 846 dixerunt,
558 814 653 848 quae
678 815 700 837 a
719 802 892 846 Graecis,
928 802 1030 848 quod
1055 808 1142 836 ante
1171 801 1358 845 majorem
1387 810 1531 847 canem¹

85 859 270 904 exoritur,
299 857 475 904 προκύων
497 860 753 906 appellatur-“

174 914 240 961 35)
264 919 430 951 Macrob.
453 919 603 953 Saturn.
627 919 656 961 I,
687 924 741 957 18.
774 927 810 951 u.
834 927 867 951 e.
896 922 956 957 21.
1003 916 1227 961 „Scorpius,
1251 916 1294 950 in
1323 927 1399 963 quo
1425 913 1525 948 libra

83 977 162 1015 est,
185 984 223 1007 u.
250 985 332 1020 cap.
363 980 420 1018 12,
444 975 614 1020 priorem
632 975 781 1020 Scor-pii
811 980 977 1020 partem,
1005 975 1066 1008 cui
1090 971 1199 1019 ζυγὸς
1227 974 1328 1020 apud
1350 975 1524 1009 Graecos

82 1039 227 1065 nomen
242 1038 309 1075 est,
337 1043 406 1065 nos
431 1031 567 1066 libram
584 1033 803 1067 vocamuS.“
833 1034 967 1078 Hygia.
984 1034 1024 1067 P.
1044 1033 1086 1067 A.
1102 1034 1154 1072 ΙΙ,
1177 1039 1235 1072 26.
1272 1032 1372 1076 „Hic
1399 1033 1527 1076 (scor-

81 1086 198 1131 pius)
226 1094 386 1134 propter
412 1089 717 1134 magnitudinem
745 1090 1006 1123 membrorum
1032 1089 1074 1123 in
1103 1090 1178 1123 duo
1201 1089 1310 1134 signa
1329 1088 1525 1133 dividitur,

86 1154 247 1188 quorum
275 1145 386 1180 unius
417 1146 581 1192 effigiem
601 1146 721 1179 nostri
745 1145 880 1179 libram
900 1145 1095 1187 dixerunt;
1119 1157 1156 1180 u.
1176 1147 1239 1191 IV,
1260 1151 1295 1185 5.
1314 1147 1419 1191 prior
1439 1157 1527 1191 pars

87 1200 237 1245 chelae,
261 1203 408 1248 reliqua
437 1204 588 1248 scorpio
618 1204 816 1237 vocatur.“
862 1202 1011 1245 Daher‚
1035 1209 1120 1247 sagt
1145 1203 1334 1247 derselbe,
1360 1203 1463 1248 giebt
1487 1213 1527 1237 es

85 1258 183 1292 auch
203 1259 408 1304 eigentlich
424 1270 498 1292 nur
517 1259 571 1291 elf
585 1259 759 1302 Zeichen,
785 1258 871 1291 weil
896 1258 961 1291 der
972 1259 1160 1303 Scorpion
1177 1260 1237 1293 die
1256 1261 1372 1294 Stelle
1392 1261 1529 1294 zweier

83 1314 247 1350 Zeichen
269 1316 469 1350 einm'mmt
497 1316 624 1359 (Ouid.
652 1317 751 1350 Met.
777 1316 829 1357 II,
866 1316 986 1359 195.).
1035 1316 1140 1349 Auch
1169 1318 1377 1352 versichert
1393 1320 1527 1364 Hygia.

83 1383 119 1409 a.
139 1383 172 1406 a.
195 1373 243 1407 O.
267 1375 330 1417 IV,
353 1378 389 1418 3,
415 1374 500 1407 dass
527 1374 588 1407 die
607 1374 773 1407 Scheeren
800 1372 953 1417 (χηλαὶ,
978 1373 1165 1417 forcipes,
1193 1386 1358 1418 cornua,
1382 1376 1527 1421 furcae,

82 1428 321 1475 forficulae,)
344 1443 422 1465 von
446 1431 607 1476 Einigen
628 1431 690 1464 die
714 1432 826 1475 Wage
845 1436 1014 1474 genannt
1033 1431 1202 1466 wiirden.
1253 1435 1372 1468 Cicero
1390 1435 1435 1468 de
1457 1437 1529 1470 Di-

83 1486 161 1521 vin.
180 1488 232 1528 11,
253 1495 312 1528 47.
342 1495 446 1534 sagt:
473 1490 574 1524 Rom
604 1488 660 1523 sei
686 1487 818 1522 erbaut
848 1488 1021 1527 worden,
1045 1491 1081 1521 in
1105 1491 1194 1534 jugo
1217 1504 1296 1524 cum
1318 1502 1405 1527 esset
1428 1496 1527 1539 luna,

85 1544 211 1578 wofiir
239 1545 380 1579 Solinus
401 1548 452 1590 11,
479 1553 511 1586 1.
545 1548 582 1579 in
609 1545 704 1579 libra
730 1545 809 1578 hat.
858 1547 942 1579 Den
963 1546 1099 1579 Grund
1123 1548 1233 1591 aber,
1260 1549 1320 1583 die
1339 1551 1525 1587 Scheeren

88 1602 204 1648 Wage
219 1613 265 1637 zu
281 1613 453 1645 nennen,
478 1603 581 1647 giebt
608 1614 656 1636 an
677 1603 853 1635 Manetho
882 1602 923 1634 in
945 1613 974 1635 s.
1000 1604 1227 1648 Apotelesm,
1252 1607 1283 1648 1,
1308 1612 1386 1648 135.

307 1660 430 1705 Χηλαί
458 1657 514 1702 θ’,
540 1655 586 1701 ἃς
617 1659 682 1696 καὶ
704 1658 752 1703 δὴ
776 1656 1032 1704 μετεφήμεσαν

747 1714 873 1761 ἄνερες
895 1716 971 1761 ἱροὶ
996 1718 1158 1763 (legitur
1181 1719 1300 1766 εἰροὶ)

307 1773 384 1812 Καὶ
406 1772 517 1820 ζυγὸν
547 1772 755 1820 ἔκλήεισαν,
785 1771 897 1810 'snat’
930 1773 1090 1812 ἐτάνεσσ’

746 1830 955 1876 ἑκάτερθεν,

310 1889 469 1935 Οῗαιπερ
492 1888 707 1936 πλάστιγγες
730 1889 791 1926 ἐπὶ
814 1892 927 1936 ζυγοῦ
943 1889 1088 1936 ἑλκομέ-

749 1962 844 1985 voto.

90 2001 228 2038 Mehre
251 2003 409 2039 Griinde
440 2005 548 2039 fiihrt
577 2006 679 2041 noch
703 2007 771 2041 der
794 2006 982 2041 Scholiast
1015 2019 1061 2041 zu
1092 2010 1237 2042 Aratos‘
1263 2010 1466 2046 Phaenom.
1491 2025 1528 2049 v.

89 2065 147 2099 88.
172 2072 233 2096 an.
279 2062 455 2108 ,,Χηλοὶς,
486 2069 570 2108 sagt
592 2075 652 2109 er,
686 2065 723 2101 οὶ
747 2062 964 2111 ἀστρολόγοι
994 2063 1060 2100 τὸν
1092 2065 1202 2111 ζυγὸν
1226 2064 1323 2103 εἶναι’
1353 2078 1477 2113 φασιν·
1503 2068 1529 2115 ἥ

89 2130 149 2153 οτι
171 2115 340 2164 ἐμφερεῖς
356 2121 427 2155 εἰσι
443 2119 646 2166 πλάστιγγι,
670 2121 695 2169 ἥ
720 2120 778 2159 ὅτι
799 2136 903 2169 παρα
920 2126 1000 2164 τοῖς
1017 2126 1126 2159 ποσίν
1143 2125 1215 2159 εἰσι
1229 2127 1296 2170 τῆς
1312 2127 1527 2172 Παρθένου·

89 2171 116 2221 ἦ
135 2173 230 2222 αὐτὴ
250 2175 291 2213 δέ
305 2175 380 2213 ἐστι
397 2180 460 2215 καὶ
477 2181 585 2226 Δίκη,
603 2178 683 2226 ἣτις
700 2182 762 2218 καὶ
780 2181 870 2227 ζυγὰ
887 2180 1111 2217 ταλαντεύει.
1116 2184 1140 2202 “
1148 2203 1194 2208 -
1217 2185 1347 2218 Isidor.
1371 2186 1526 2232 (Origg.

89 2233 164 2278 ΙΙΙ,
186 2236 263 2280 70.)
289 2235 432 2281 glaubt‚
459 2237 519 2273 die
542 2239 660 2284 Wage
689 2240 785 2274 habe
808 2241 916 2274 ihren
942 2240 1088 2273 Numen
1116 2239 1242 2282 daher,
1268 2241 1352 2274 weil
1378 2242 1430 2276 sie
1458 2244 1527 2278 deu

92 2291 231 2327 Monat
255 2293 463 2338 gleichsam
485 2297 526 2330 in
549 2298 638 2331 zwei
669 2297 814 2344 gleiche
843 2297 974 2331 Theile
1002 2296 1175 2341 abwiige‚
1200 2298 1278 2331 und
1304 2298 1363 2334 die
1390 2301 1526 2347 Sonne,

94 2358 202 2383 wenn
228 2350 283 2384 sie
306 2350 346 2385 in
370 2351 486 2387 dieses
511 2354 671 2388 Zeichen
695 2358 815 2399 triste,
841 2353 1109 2399 Nachtgleiche
1132 2354 1307 2391 bewirke.

183 2408 249 2453 36)
273 2410 349 2444 Mit
376 2411 498 2445 Recht
532 2413 704 2447 bemerkt
732 2413 814 2447 hier
848 2413 1064 2449 Tzschucke:
1100 2415 1217 2449 mirus
1251 2426 1366 2449 nexus
1390 2416 1527 2453 horum

96 2464 317 2510 verborum,
340 2473 383 2502 ut
403 2469 499 2503 mira
524 2477 610 2504 ante
624 2477 836 2506 structura:
862 2471 1185 2519 libra—adeptus!
1235 2472 1527 2511 Excusationem

95 2521 190 2556 facit
210 2534 339 2556 sensus
357 2523 478 2559 librae
501 2527 702 2570 subjectus,

187 2579 252 2623 37)
281 2581 476 2615 Tzschucke
500 2584 597 2618 will:
634 2586 813 2621 Mochlon.
862 2587 999 2630 „Haec
1029 2588 1127 2622 enim
1159 2600 1248 2633 vox,
1284 2595 1368 2635 sagt
1391 2601 1450 2634 er,
1485 2590 1526 2624 in

97 2637 254 2671 Graecis
271 2637 319 2670 ad
337 2638 474 2673 libram
494 2642 750 2686 explicandam
768 2644 903 2682 valet.⁴‘
930 2647 1132 2691 Uebrigens
1152 2659 1248 2688 war,
1274 2648 1371 2681 nach
1390 2648 1526 2681 Plinius

98 2695 166 2737 (H.
193 2696 239 2728 N.
257 2695 339 2737 VII,
368 2701 425 2736 57.
447 2696 508 2733 od.
531 2701 606 2742 56.)
639 2700 699 2734 ein
721 2702 894 2748 gewisser
917 2705 1112 2737 Theodoro-5
1132 2718 1196 2737 aua
1217 2705 1340 2738 Samos
1361 2704 1426 2738 der
1450 2705 1525 2738 Er-

97 2752 218 2789 sinder
237 2752 302 2788 der
317 2753 518 2802 Bleiwage,
545 2757 608 2792 des
625 2757 849 2795 Dreheisens
868 2760 945 2798 und
962 2761 1164 2798 Schlosses.
1201 2762 1262 2795 Bei
1285 2763 1410 2796 Strabo
1427 2763 1525 2796 XVI.
