1747 3120
196 169 271 200 XVI

192 271 298 306 sunt
318 265 546 309 recondita
566 266 764 310 maxime
781 275 826 310 et
844 283 868 310 a
891 269 1063 326 vulgari
1081 270 1263 316 scientia
1280 286 1468 322 remota.
1526 281 1625 326 Alia

189 344 339 377 autem
360 345 511 392 aperte-
533 337 640 378 falsa
659 338 862 394 tradidit,
880 343 1021 384 multa
1042 342 1176 385 etiam
1195 347 1418 401 turbavit,
1450 350 1496 392 in
1520 353 1622 409 qui·

188 405 271 447 bus
297 408 510 449 monendi
532 415 660 449 erant
677 409 881 464 juvenes,
913 421 956 454 et
978 413 1033 454 ad
1053 414 1226 457 veriora
1248 425 1291 458 et
1309 420 1501 463 rectiora
1519 438 1621 465 avo·

186 479 335 520 candi.
396 479 467 520 Ex
491 478 654 532 quibus
676 488 822 522 autem
845 482 1039 525 sontibus
1064 498 1144 526 sua
1164 485 1379 542 hauserit,
1419 491 1466 533 in
1495 494 1620 536 novis

182 562 273 588 non
296 548 461 603 liquet,
494 547 539 590 in
561 550 657 592 aliis
677 566 759 593 nec
777 567 957 609 semper
975 570 1058 597 nec
1077 564 1214 599 certo.
1273 558 1326 600 In
1349 564 1618 606 astronomi-

183 618 243 660 cis
279 618 373 661 vidi
406 620 622 677 pleraque
650 622 823 677 petiisse
851 639 906 665 ex
932 624 1131 680 Nigid103
1184 629 1307 672 cuius
1337 630 1446 673 dum
1475 635 1619 676 multa

180 689 277 731 loca
308 689 456 733 reddit
480 690 744 734 scholiastes
764 692 1045 748 Germanici,
1086 698 1198 740 illud
1226 699 1357 742 simul
1383 702 1619 746 manifeste

177 759 453 815 comprobat.
514 761 746 819 ,Nepotem
764 763 969 806 imitatur
989 781 1083 823 cap.
1106 767 1205 813 XV.
1220 803 1233 824 ,
1259 770 1306 811 in
1326 771 1529 827 pluribus
1548 774 1618 815 lo-

175 829 235 870 cis
257 829 453 873 Floram
470 834 698 888 sequitur,
731 835 785 876 de
817 835 978 890 quibus
1009 837 1056 878 in
1085 838 1200 892 notis
1227 840 1361 880 etjam
1391 843 1616 885 monitum

173 915 266 941 esse
288 901 540 958 intelligent
559 904 761 946 lectores.
821 905 972 961 Quam
992 892 1269 951 verevautem
1287 919 1495 968 recteque
1516 928 1617 956 nar-

174 977 262 1020 ret,
294 971 480 1014 dubium
500 990 629 1029 saepe
650 991 743 1017 esse
766 974 966 1028 videtur,
999 977 1077 1017 etsi
1102 979 1157 1019 de
1193 979 1399 1022 omnibus
1418 983 1615 1036 judicare

175 1041 415 1095 nonlicet,
447 1046 493 1087 in
522 1046 616 1087 aliis
639 1047 843 1088 ordinem
875 1047 1241 1104 chronologicum
1271 1051 1435 1094 turbat.

831 1169 870 1224 §-
910 1175 950 1215 8.

285 1247 480 1307 Ampelii
505 1250 698 1306 primam
729 1251 966 1295 editionem
998 1254 1206 1297 debemus
1244 1256 1504 1309 Salmaslo,
1534 1261 1611 1315 qui

168 1318 380 1362 Codicem
410 1335 466 1362 ex
493 1322 759 1366 Bibliotheca
784 1323 938 1367 Jureti
962 1334 1118 1368 nactus
1150 1334 1265 1379 erat,
1304 1336 1353 1370 ut
1382 1329 1535 1371 scribit
1563 1331 1611 1370 in

171 1390 452 1447 praefatione
481 1400 524 1435 et
543 1403 672 1437 antea
701 1395 976 1439 indicaverat
1005 1398 1052 1439 in
1085 1398 1491 1442 Exercitationibus
1518 1399 1611 1442 Pli-

165 1461 308 1503 nianis
324 1462 373 1502 in
393 1460 599 1507 Solinum
629 1466 712 1518 ³0).
770 1466 840 1508 An
860 1467 978 1509 idem
1000 1468 1138 1511 fuerit
1158 1469 1334 1522 Codex,
1356 1484 1489 1525 quem
1511 1485 1611 1512 ser-

164 1532 285 1574 vavit
312 1532 590 1578 Bibliotheca
621 1537 664 1579 S.
694 1538 878 1593 Benigni
907 1538 1122 1592 Divione,
1162 1547 1214 1580 ‘et
1253 1548 1610 1583 commemorant

162 1604 216 1645 a'd
236 1603 471 1647 Sidonium
488 1607 793 1663 Apollinarem
826 1608 892 1660 ΞΤ)
913 1608 1089 1652 Saum-o
1113 1618 1156 1651 et
1180 1610 1463 1663 Sirmondas,
1484 1611 1609 1667 igno-

161 1682 305 1725 ratur,
352 1690 443 1717 esse
473 1684 623 1719 tamen
659 1694 786 1736 posse
825 1679 931 1720 inde
967 1681 1216 1737 suspicatur
1250 1681 1509 1724 Salmasius
1557 1682 1606 1724 in

162 1744 468 1801 praefatione,
511 1750 629 1804 quod
654 1751 842 1792 juretus
873 1765 931 1792 ex
961 1751 1037 1794 illa
1066 1752 1340 1794 Bibliotheca
1367 1752 1605 1809 aliquando

159 1816 300 1858 libros
320 1819 507 1860 utendos
531 1820 762 1878 acceperit.
823 1820 896 1863 Sic
925 1820 1064 1877 igitur
1089 1838 1115 1864 a
1145 1822 1487 1875 Ju1=et02C0dex
1518 1824 1605 1865 Di-

159 1887 385 1930 vionensis
406 1889 653 1947 descriptus
673 1899 715 1934 et
741 1892 787 1933 in
812 1891 1016 1935 salmasii
1041 1907 1200 1934 manus
1228 1894 1452 1935 transiisse
1477 1893 1605 1935 vide-

163 1968 266 2013 tur,
299 1961 379 2002 etsi
404 1961 459 2002 de
481 1962 574 2015 ejus
593 1962 892 2019 descriptione
911 1962 1023 2004 nihil
1043 1971 1245 2006 notatum
1262 1964 1426 2007 inveni.
1467 1963 1604 2020 Quod

160 2031 327 2074 Savaro
355 2047 490 2089 opera
515 2032 710 2090 Ampelii
747 2043 789 2075 et
825 2033 1092 2076 Sirmondus
1129 2034 1378 2091 fragmenta
1410 2034 1603 2092 Ampelii

161 2105 384 2161 quaedam
417 2118 473 2145 ex
509 2104 768 2146 Divionensi
800 2104 877 2146 illo
911 2104 1071 2146 Codice
1098 2114 1380 2158 memorant,
1417 2105 1601 2147 illorum

161 2175 380 2232 judicium
404 2189 499 2216 esse
518 2175 710 2227 videtur,
733 2175 849 2232 quod
870 2190 967 2217 rem
986 2175 1126 2232 ipsam
1147 2191 1227 2217 nec
1244 2184 1387 2219 mutat
1404 2190 1488 2217 nec
1508 2182 1600 2216 tur-

167 2246 257 2287 bat.
319 2245 516 2288 Dubium
537 2247 675 2303 possit
697 2246 862 2300 facere,
901 2247 1021 2303 quod
1055 2246 1108 2288 de
1127 2245 1304 2289 Marini
1324 2245 1509 2289 nomine
1530 2261 1600 2286 su-

160 2331 244 2374 pra
265 2316 412 2360 retuli.
473 2318 562 2361 Sed
590 2334 724 2375 quam
746 2318 875 2361 facile
903 2335 929 2362 a
959 2317 1165 2370 Pithoe0‚
1195 2318 1289 2369 vel,
1328 2316 1403 2373 qui
1435 2330 1490 2357 ex
1522 2315 1600 2356 illo

157 2395 416 2446 acceperat,
455 2389 695 2432 Sirmondo
726 2390 773 2432 in
793 2389 934 2445 ignoti
971 2388 1238 2445 obscurique
1270 2387 1464 2430 nominis
1493 2385 1599 2428 scri-

157 2468 291 2518 ptura
315 2475 444 2502 error
467 2460 641 2503 admitti
660 2461 883 2516 potuerit,
915 2467 957 2502 et
975 2460 1022 2502 in
1040 2461 1108 2502 his
1126 2459 1299 2502 admitti
1318 2459 1469 2508 soleat,
1496 2456 1599 2513 qui-

156 2532 223 2574 vis
246 2531 374 2573 facile
410 2531 629 2586 intelligit.
691 2533 749 2575 At
775 2531 1100 2574 dubitationem
1130 2546 1310 2573 omnem
1335 2527 1595 2576 sustulisset,

159 2611 203 2644 et
249 2602 609 2659 disceptationem
650 2604 921 2658 diremisset,
982 2603 1021 2645 si
1065 2603 1298 2659 placuisset
1339 2597 1594 2647 Sirmondo,

157 2674 483 2731 praefationem
516 2675 786 2728 adscribere,
833 2691 967 2732 quam
997 2675 1079 2717 sibi
1109 2690 1134 2717 a
1163 2674 1344 2717 Pithoeo
1375 2676 1595 2713 ostensam

155 2744 293 2787 fuisse
313 2744 517 2789 affirmat.
578 2746 780 2791 Primum
810 2755 959 2790 autem
991 2743 1127 2789 edidit
1157 2743 1279 2784 hunc
1318 2739 1596 2837 Ampeiiiulixi

1476 2812 1488 2836 )
