1747 3120
621 196 739 228 cAP.
779 196 954 227 xv111.
1451 192 1505 231 83

80 286 378 333 Hannibalem
400 287 574 344 primus
589 287 656 338 ι5)
683 285 730 328 in
748 285 992 343 Campania
1025 283 1196 342 proelio
1216 285 1340 335 vicit,
1369 286 1506 330 idem-

79 372 167 418 que
194 358 345 401 docuit
367 358 447 412 ¹⁷),
475 358 524 401 in
555 358 670 402 bello
693 356 916 412 quomodo
939 356 1106 411 equites
1136 355 1230 398 sine
1247 356 1354 414 fuga
1374 354 1507 400 cede-

76 438 193 475 rent.
251 429 477 485 Scipiones
497 428 613 482 duo,
643 442 835 485 quorum
858 426 970 468 alter
991 426 1115 480 prior
1134 425 1398 481 Africanus,
1430 428 1507 484 qui

76 500 396 550 Hannibalem,
427 505 470 539 et
496 498 540 540 in
562 497 615 551 ¹8)
645 512 696 540 eo
725 497 923 542 Africam
950 497 1203 547 debellavit3
1235 499 1344 540 alter
1359 499 1506 556 Scipio

75 573 397 621 Numantinus,
442 568 519 624 qui
547 569 859 624 Carthaginem
888 575 932 610 et
954 568 1242 611 Numantiam
1276 569 1506 621 diruendo,

75 644 127 686 in
159 644 244 686 hac
268 642 488 692 Africam,
539 637 586 681 in
613 639 690 682 illa
716 639 977 696 Hispaniam
1010 638 1155 694 fregit.¹
1229 638 1427 697 Quintus
1453 642 1506 691 ¹9)

75 715 209 767 Nero,
235 713 323 770 qui,
342 710 587 753 Hannibale
607 710 654 752 in
675 709 834 767 Apulia
857 709 1021 761 relicto,
1050 710 1303 752 venientem
1323 710 1377 751 ab
1399 709 1508 752 His-

76 785 210 843 pania
230 781 555 826 Hasdrubalem
575 781 771 837 excepit,
805 781 1043 839 copiasque
1068 781 1163 836 ejus
1181 795 1273 823 uno
1297 780 1368 821 die
1388 781 1507 837 apud

74 857 329 899 Metaurum
357 852 420 904 20)
456 849 626 892 flumen
654 851 837 903 devicit,
878 852 955 908 qui
979 853 1036 905 ²¹)
1060 851 1098 893 si
1127 868 1170 894 se
1199 865 1301 892 cum
1333 852 1508 894 Hanni-

75 925 181 967 ἰηιΙεΔ
191 922 433 980 junxisset,
465 921 652 965 dubitari
673 937 761 963 non
783 930 942 979 potest,
972 923 1097 980 paria
1117 922 1169 965 iis
1187 923 1506 980 praestiturum

78 1117 152 1139 was
180 1106 272 1139 Plin.
301 1109 366 1148 33,
391 1108 448 1142 54.
474 1103 575 1146 (12.)
608 1103 674 1137 auf
704 1104 782 1138 sein
806 1104 981 1138 Zeitalter
1004 1103 1219 1138 anwendet:
1271 1105 1352 1137 Heu
1375 1105 1509 1139 mores!

73 1164 233 1197 Fabricii
254 1174 317 1194 ποθ
337 1162 458 1204 pudet,

34 1213 36 1215 ’
164 1219 227 1262 16)
252 1219 310 1252 Im
329 1218 508 1262 Polybius,
532 1229 561 1251 z.
580 1220 616 1253 B.
636 1216 718 1260 XV,
746 1224 800 1257 16.
826 1218 920 1251 wird
944 1229 1016 1252 nur
1039 1217 1279 1263 angedeutet‚
1306 1217 1387 1252 dass
1404 1219 1508 1252 Han-

73 1275 176 1309 nibal
195 1275 252 1308 bis
272 1275 338 1308 auf
353 1274 478 1318 Scipio
503 1273 826 1308 uniiberwindlich
856 1285 1024 1318 gewesen
1050 1276 1114 1309 sei.
1154 1275 1222 1308 Bei
1249 1275 1348 1308 Nola
1373 1275 1508 1317 jedoch

72 1332 201 1366 wurde
219 1332 405 1365 Hannibal
426 1343 499 1365 von
517 1330 721 1365 Marcellus
742 1330 989 1377 geschlagen,·
1013 1332 1091 1366 und
1110 1331 1246 1366 darauf
1258 1332 1404 1366 scheint
1420 1334 1509 1366 Am-

72 1389 190 1434 pelius
213 1387 473 1424 hinzudeuten.

161 1444 224 1489 17)
248 1445 523 1479 Ausdriicklich
544 1445 686 1480 erzahlt
704 1444 780 1479 dies
803 1445 888 1479 kein
917 1446 1075 1480 anderer
1094 1445 1372 1481 Schriftsteller.
1418 1446 1508 1480 Die-

71 1512 132 1535 ser
158 1501 358 1536 Gebrauch
381 1514 459 1536 war
485 1503 556 1536 den
580 1502 791 1537 Numidern
815 1505 943 1548 eigen,
991 1516 1067 1538 von
1095 1504 1261 1538 welchen
1292 1503 1396 1537 Viele
1422 1515 1508 1537 zum

71 1559 274 1606 Marcellus
302 1559 593 1604 iibergegangen
630 1571 770 1596 waren.
817 1561 853 1595 S.
880 1561 1060 1595 Plutarch.
1091 1561 1131 1595 in
1155 1561 1329 1595 Marcell.
1364 1573 1398 1595 c.
1420 1563 1506 1594 XII.

71 1618 149 1648 Liv.
167 1620 235 1658 23,
258 1621 315 1655 46.
334 1636 381 1641 --
424 1617 596 1650 Dieselbe
620 1617 687 1649 Art
709 1628 754 1650 zu
778 1615 955 1661 kampfeu
978 1617 1136 1651 beriihrt
1166 1618 1261 1652 auch
1289 1619 1435 1660 Quintil.
1455 1620 1505 1662 ΙΙ,

73 1677 129 1711 13.
156 1684 284 1715 „nunc
305 1673 387 1707 acie
403 1673 557 1715 directa,
573 1684 675 1706 nunc
695 1674 833 1717 cuneis,
851 1685 955 1706 nunc
971 1673 1129 1716 auxiliis,
1154 1685 1254 1708 nunc
1272 1676 1421 1720 legione
1438 1688 1507 1721 pu-

71 1729 269 1774 gnabitur:
293 1741 564 1776 nonnunquam
586 1736 693 1773 terga
714 1729 827 1762 etiam
845 1729 1186 1771 dedisse1simulata
1203 1733 1293 1777 fuga
1302 1732 1506 1777 proderit.“

163 1786 226 1831 18)
251 1787 286 1822 S.
302 1799 336 1821 v.
353 1799 384 1821 a.
414 1798 500 1821 cum
528 1797 594 1828 e03
629 1786 766 1833 quippe
791 1787 832 1820 in
858 1787 1070 1822 Hannibale
1098 1788 1187 1823 sitas
1216 1789 1331 1823 fuisse
1358 1789 1507 1823 Africae

71 1842 168 1877 vires
193 1843 331 1878 innuit.

162 1900 226 1946 19)
250 1901 316 1934 Bei
338 1902 463 1935 Livius
493 1912 528 1935 u.
555 1899 703 1935 Andern
726 1900 841 1935 heisst
861 1912 904 1935 er
926 1904 1052 1948 Caju23
1079 1903 1145 1938 der
1166 1903 1414 1948 vollstiindige
1432 1903 1506 1937 Na-

72 1969 160 1992 men
182 1969 259 1992 war
280 1959 320 1992 C.
338 1958 513 1993 Claudius
532 1959 644 1993 Nero.
678 1958 768 1995 Ueb.
791 1957 849 1992 die
868 1958 987 1994 sache
1017 1961 1133 1996 selbst
1160 1961 1234 2007 vgl.
1260 1963 1339 1996 Liv.
1358 1967 1424 2006 27,
1448 1966 1504 2001 43.

72 2016 211 2049 Sueten.
238 2016 278 2048 in
296 2015 421 2050 Tiber.
447 2027 478 2050 c.
499 2017 550 2049 II.

162 2072 227 2116 20)
250 2072 378 2106 Daher
401 2074 502 2118 singt
526 2075 646 2107 Horaz
668 2073 731 2109 IV.
758 2071 831 2107 Οᾶ.
855 2073 927 2118 IV,
951 2077 1010 2114 37.

210 2129 310 2174 Quid
334 2130 486 2175 debeas,
511 2141 533 2163 o
556 2131 695 2174 Roma,
721 2130 946 2174 Neronibus,

206 2187 327 2221 Testis
352 2189 567 2222 Metaurum
590 2188 751 2231 flumen,
776 2193 813 2222 et
835 2186 1047 2222 Hasdrubal

251 2245 453 2288 Devicms,
478 2252 565 2280 cett.

73 2303 166 2336 Jetzt
186 2301 300 2335 heisst
324 2301 387 2335 der
410 2302 516 2335 Fluss
540 2303 684 2336 Metam
709 2302 800 2337 oder
824 2304 952 2337 Metro.
977 2321 1023 2327 —
1064 2302 1214 2347 Excepit
1238 2307 1326 2348 apte
1348 2303 1395 2337 ad
1419 2315 1504 2339 eum

72 2359 253 2402 refertur,
277 2358 340 2403 qui
364 2357 508 2391 infestis
536 2359 650 2392 armis
678 2360 840 2395 advenit.
875 2359 958 2403 Vgl.
991 2359 1094 2394 Mela
1117 2361 1196 2404 111,
1222 2365 1255 2399 8.
1281 2366 1336 2399 81.
1383 2361 1431 2394 Es
1456 2363 1505 2396 ist

74 2414 136 2448 das
157 2414 377 2459 eigentliche
394 2415 504 2449 XVort
526 2427 599 2449 von
625 2417 696 2450 den
723 2417 860 2450 wilden
874 2416 1058 2460 Thieren,
1084 2415 1144 2450 die
1168 2417 1234 2451 auf
1260 2417 1371 2452 ihren
1392 2418 1504 2452 Feind

72 2471 289 2507 losstiirzen.
1150 2510 1154 2515 r

165 2529 228 2572 21)
254 2527 448 2562 Gewiihnl.
476 2542 558 2562 sese.
601 2530 675 2564 Mit
701 2529 821 2564 Recht
848 2529 913 2564 hat
949 2529 1144 2564 Tzsehucxe
1171 2530 1398 2565 Perizonius'
1427 2532 1504 2566 und

72 2584 332 2619 Freinsheim's
360 2585 653 2632 Verbesserung,
687 2588 746 2631 qui
777 2586 810 2620 si
833 2599 887 2631 ee,
918 2587 959 2621 in
989 2587 1060 2621 den
1083 2589 1177 2622 Text
1202 2589 1503 2633 ausgenommen.

73 2643 150 2677 Auf
167 2642 331 2676 dieselbe
349 2643 474 2676 VVeise
493 2650 574 2688 sagt
592 2645 684 2678 Flor.
703 2655 734 2677 a.
753 2654 785 2677 a.
807 2643 854 2678 O.
880 2650 1033 2688 „aetum
1060 2651 1138 2679 erat
1158 2646 1292 2691 procul
1313 2645 1446 2690 dubio,
1471 2648 1503 2680 si

73 2699 132 2733 vir
162 2700 226 2733 ille
253 2711 291 2733 se
318 2711 403 2733 cum
431 2700 547 2733 fratre
575 2700 836 2742 conjunxisset.
869 2702 946 2736 Das
962 2703 1152 2749 Folgende
1167 2704 1268 2737 stellt
1287 2705 1502 2738 Fre1'mheim

75 2767 115 2790 so
137 2755 228 2791 her:
252 2769 371 2802 parem
392 2759 441 2790 eis
460 2760 498 2791 P.
517 2759 564 2791 R.
593 2757 793 2803 (populum
811 2758 1041 2805 Romanum)
1053 2760 1222 2807 fuiurum
1239 2760 1445 2807 nonsuisse.

1166 2823 1228 2865 6*
