1747 3120
703 181 821 212 cAP.
860 183 944 210 xv.
1484 171 1538 212 75

115 279 321 316 rostratas
348 271 611 324 habentem,
642 271 748 313 dum
777 269 824 313 in
852 269 1022 312 ltaliam
1045 272 1111 319 ⁸0)
1129 267 1269 320 abest,
1299 282 1438 324 regno
1458 282 1540 309 ex-

114 343 248 402 pulit,
286 343 511 400 occupatis
540 341 773 400 Syracusis.
830 341 1075 398 Iphicrates
1112 343 1204 395 ³¹),
1244 340 1311 382 rei
1337 338 1542 381 militaris

113 413 422 471 peritissimus,
454 415 531 471 qui
551 429 676 456 arma
701 411 917 456 habiliore
935 413 1136 469 pondere
1162 420 1204 453 et
1225 411 1358 453 modo
1384 412 1455 458 ³2)
1473 408 1545 451 fe·-

113 484 187 525 cit.
247 484 457 538 Phocion,
489 487 566 541 qui
589 485 661 528 vir
685 488 701 513 ³
715 485 759 539 ³)
779 483 921 525 bonus
942 483 1279 539 cognominatus
1300 489 1378 533 est,
1399 494 1545 535 neque

113 555 202 596 ulla
221 557 412 613 pecunia
439 573 464 598 a
484 557 689 614 Philippo
719 557 789 607 ³4)
819 554 967 611 potuit
991 554 1244 607 sollicitari,
1273 561 1325 595 ut
1358 553 1414 595 ad
1439 567 1545 594 eum

113 626 382 669 discederet:
433 626 538 682 qui,
586 624 926 668 admonentibus
961 624 1139 678 amicis,
1187 633 1239 668 ut
1270 625 1420 668 liberis
1455 623 1546 665 suis

112 698 384 739 consuleret:
422 698 479 741 Si
516 697 672 747 boni,
714 697 925 754 inquit,
965 703 1153 749 erunt,
1189 696 1283 738 hic
1320 695 1546 751 agellus

112 767 181 810 iis
211 768 505 819 sufficiet3
542 768 588 809 si
628 768 791 821 mali,
832 767 994 809 nihil.
1054 767 1272 810 Chabrias
1305 767 1422 819 dux,
1469 765 1548 821 qui

111 838 372 894 gladiatoria
399 840 467 892 ³⁵)
494 847 589 880 arte
613 853 815 896 pugnare
845 837 1033 880 militem
1056 837 1234 880 docuit.-
1263 839 1449 894 Cypron
1477 836 1548 888 ⁸⁶)

111 918 155 950 et
171 908 355 962 Naxon,
386 917 431 951 et
449 924 604 950 omnes
622 910 832 952 Asiaticas
854 909 1020 951 insulas
1042 909 1231 952 Athenis
1249 908 1474 964 adjunxit,
1502 913 1549 948 et

110 978 227 1021 circa
247 978 484 1035 ChionJ'J)
512 980 662 1022 navali
691 981 808 1022 bello
828 980 965 1022 occidi
989 980 1174 1033 maluit,
1208 994 1340 1036 quam
1366 976 1548 1034 abjectis

110 1052 242 1094 armis
267 1059 460 1094 enatare.
529 1052 784 1095 Demetrius
812 1052 1079 1101 Phalereus,
1120 1051 1194 1092 vir
1219 1049 1364 1092 bonus
1391 1048 1548 1091 existi-

112 1131 282 1174 matus,
333 1123 522 1179 ideoque
557 1123 615 1165 ob
645 1122 861 1179 insignem
888 1123 1102 1179 justitiam
1126 1123 1196 1176 38)
1236 1120 1442 1164 trecentis
1476 1121 1546 1172 ³⁹)

201 1258 265 1303 30)
287 1259 401 1294 Diese
425 1261 492 1294 Art
517 1260 582 1295 der
605 1259 849 1304 Verbindung
871 1258 990 1292 findet
1012 1257 1094 1292 sich
1118 1257 1215 1292 auch
1236 1256 1299 1292 bei
1322 1257 1394 1291 den
1417 1255 1547 1290 besten

110 1313 420 1352 Schriftstellern.
457 1319 549 1353 Ueb.
574 1318 633 1352 die
657 1317 775 1352 Sache
799 1317 915 1351 selbst
939 1327 969 1350 s.
988 1316 1106 1360 Nepos
1125 1316 1178 1359 X,
1205 1319 1238 1354 5.
1257 1319 1292 1354 4.

199 1372 264 1417 31)
290 1375 485 1409 Gewo'hnl.
510 1377 753 1420 Hiphicrates.

200 1430 265 1475 32)
290 1432 373 1476 Vgl.
395 1435 511 1476 Nepos
528 1434 601 1477 XI,
629 1439 660 1471 1.
680 1437 714 1471 3.
739 1431 940 1476 „Multum
959 1430 1000 1463 in
1019 1429 1120 1463 bello
1139 1434 1194 1463 est
1212 1433 1380 1462 versatus
1400 1447 1443 1452 —
1464 1433 1548 1461 tan-

109 1490 266 1532 tumque
292 1500 335 1522 eo
361 1489 501 1534 valuit,
542 1496 585 1524 ut
609 1490 730 1524 multa
757 1489 797 1522 in
826 1499 867 1522 re
892 1487 1050 1522 militari
1078 1488 1217 1532 partim
1243 1497 1339 1520 nova
1366 1485 1549 1528 attulerit,

110 1544 249 1587 partim
271 1547 428 1580 meliora
451 1546 598 1582 fecerit.
635 1548 809 1592 Namque
836 1547 904 1580 ille
925 1544 1113 1590 pedestria
1139 1555 1242 1577 arma
1261 1543 1437 1585 mutavit,
1464 1554 1551 1576 cum

111 1605 199 1633 ante
222 1601 332 1636 illum
358 1604 623 1648 imperatorem
649 1603 820 1637 maximis
849 1603 1011 1647 clypeis,
1035 1601 1212 1636 brevibus
1238 1600 1372 1643 hastis,
1397 1599 1550 1633 minutis

112 1657 246 1701 gladiis
269 1665 472 1694 uterentur.
499 1662 570 1694 Ille
590 1672 609 1694 e
627 1661 813 1694 contrario
831 1661 971 1704 peltam
991 1671 1062 1704 pro
1091 1671 1222 1704 parma
1251 1659 1342 1692 fecit
1368 1677 1409 1684 -—
1432 1662 1475 1690 ut
1503 1656 1551 1690 ad

112 1720 235 1748 motus
254 1728 533 1763 concursusque
551 1724 672 1751 essent
689 1717 868 1750 leviores:
895 1717 1022 1750 hastae
1036 1717 1192 1750 modum
1211 1715 1437 1760 duplicavit,
1471 1714 1551 1757 gla-

113 1773 194 1806 dios
214 1774 405 1818 longiores
427 1775 536 1817 fecit3
562 1775 664 1808 idem
690 1785 806 1820 genus
834 1774 1038 1808 loricarum
1066 1773 1246 1814 mutavit,
1281 1779 1318 1805 et
1342 1783 1410 1818 pro
1440 1771 1551 1805 sertis

112 1834 224 1875 atque
245 1830 368 1864 aeneis
386 1831 520 1865 linteas
540 1832 679 1866 dedit.“
698 1852 744 1858 —

202 1887 267 1932 33)
289 1889 372 1932 Vgl.
397 1890 515 1933 Nepos
536 1890 640 1932 XIX,
667 1896 697 1928 1.
722 1895 757 1929 2.

203 1945 268 1989 34)
294 1946 392 1979 Alles
414 1947 490 1980 dies
508 1947 653 1980 scheint
675 1958 716 1980 er
744 1957 810 1980 aus
832 1946 949 1990 Nepos
966 1947 1074 1989 XIX,
1099 1952 1132 1985 1.
1154 1949 1188 1985 3.
1222 1944 1392 1979 entlehnt
1415 1956 1461 1979 zu
1479 1943 1550 1978 ha-

113 2002 196 2036 ben.
241 2002 413 2036 Phokion
440 2004 599 2038 vertrieb
626 2004 698 2037 den
721 2003 892 2048 Philipp,
933 2003 1140 2036 Alexander
1172 2002 1233 2035 des
1265 2003 1394 2036 Gross.
1424 2003 1548 2045 Vater,

113 2069 178 2091 aus
197 2058 280 2092 dem
303 2060 538 2105 Hellespont.
563 2061 599 2095 S.
621 2062 787 2096 Plutarch
805 2061 923 2096 Phok.
947 2073 978 2095 c.
1000 2066 1055 2100 14.
1078 2059 1265 2093 nachdem
1291 2070 1330 2092 er
1353 2059 1443 2092 kurz
1463 2071 1548 2093 vor-

114 2115 181 2148 her
209 2115 280 2148 den
300 2116 462 2162 Feldzug
488 2128 608 2163 gegen
632 2119 698 2152 ihn
725 2118 822 2152 nach
849 2119 1001 2152 Euboea
1027 2124 1315 2151 unternommen
1343 2115 1464 2160 hatte,
1490 2128 1548 2150 wo

114 2172 285 2218 Philipp,
311 2174 491 2209 wodurch
514 2187 555 2210 er
575 2170 882 2211 schon‘bekanlit
908 2187 1002 2219 war,
1036 2175 1140 2208 viele
1167 2172 1237 2208 mit
1260 2173 1358 2207 Geld
1380 2173 1443 2206 fiir
1469 2173 1550 2208 sich

113 2239 319 2274 gewonnen
343 2230 457 2266 hatte.

203 2287 267 2333 35)
291 2290 405 2333 Nepos
425 2290 519 2333 XII,
549 2296 580 2329 1.
602 2295 637 2330 2.
672 2291 837 2335 „obnixo
868 2301 968 2336 genu
1000 2294 1132 2334 scuto,
1175 2290 1416 2336 projectaque
1442 2288 1550 2323 hasta

114 2344 295 2390 impetum
319 2347 528 2391 excipere.“

204 2401 269 2446 36)
295 2404 409 2447 Nepos
430 2403 521 2447 XII,
545 2409 579 2442 2.
603 2405 637 2440 2.
682 2405 841 2450 ΧεηορῙι.
872 2404 967 2438 Hist.
1002 2404 1068 2438 Gr.
1100 2404 1154 2447 V,
1182 2410 1211 2444 l.
1242 2408 1298 2443 10.
1324 2402 1352 2436 f.
1401 2404 1549 2438 Diodor-

117 2458 188 2494 Sic.
208 2459 299 2502 XV,
322 2463 376 2498 34.
402 2458 431 2493 f.

207 2516 272 2561 δῖ)
297 2515 495 2550 Gewohnl.
528 2517 648 2552 ΤΙιὶοη.
673 2517 790 2561 Nepos
811 2518 905 2559 XII,
930 2523 965 2557 4.
1003 2517 1153 2550 Diodor.
1179 2517 1250 2550 Sic.
1274 2517 1361 2560 XV,
1386 2521 1443 2556 36.
1489 2527 1551 2551 er-

117 2573 235 2614 zithlt,
261 2572 343 2606 dass
365 2584 404 2606 er
421 2573 653 2618 hinterlistig
673 2574 922 2618 umgebracht
943 2573 1093 2608 worden
1116 2574 1180 2608 sei.

205 2630 270 2675 38)
294 2626 402 2675 ἦρχεν
422 2630 614 2674 εἰρηνικῶς
638 2630 815 2674 καὶπρὸς
835 2627 923 2673 τούς
948 2632 1100 2672 πολίτας
1127 2625 1415 2675 φιλανθρώπως.
1463 2629 1550 2664 Sein

117 2687 242 2722 Leben
259 2688 324 2721 hat
343 2687 565 2721 Plutarchos
584 2687 839 2725 beschrieben.

206 2744 271 2790 39)
295 2744 385 2783 Ptin.
403 2750 461 2790 34,
487 2751 540 2787 12.
569 2746 631 2789 (6.)
657 2745 800 2791 spricht
816 2749 980 2791 von360,
995 2746 1122 2780 Strabo
1142 2746 1210 2790 IX‚'
1227 2756 1261 2790 p.
1283 2755 1331 2778 m.
1351 2749 1430 2787 274.
1453 2743 1548 2788 (398)
