1747 3120
685 147 808 185 CAP0'
859 152 924 184 11.
1271 187 1274 191 ,
1491 152 1521 192 9

95 243 305 288 educatus
323 251 390 288 est
409 242 626 298 Nemeae,
654 243 680 286 J
684 241 842 290 unonis
862 241 1044 285 consilio
1070 241 1124 285 ad
1144 242 1344 288 Herculis
1362 245 1522 289 interi-

91 323 191 359 tum
210 316 394 369 missus,
422 315 470 357 in
489 323 610 358 terra
631 314 794 372 Argiva
817 312 892 356 diu
910 314 1120 370 spelunca
1140 315 1354 371 latitavit,
1387 332 1523 374 quem

90 386 305 430 Hercules
335 386 495 430 dicitur
523 385 922 434 interfecissecum
944 385 1197 440 Molorcho,
1226 386 1406 446 hospite
1425 404 1522 441 suo,

93 458 222 512 cujus
253 458 424 501 clavam
458 459 498 501 ei
516 458 730 501 tributam
749 463 848 499 tum
871 455 1092 512 principio
1114 465 1178 499 est
1199 457 1405 515 adeptus,
1438 475 1526 516 qua

90 528 292 571 Leonem
317 529 558 582 interfecit,
589 531 770 585 ejusque
795 527 957 585 pellem
979 539 1133 584 postea
1146 543 1240 585 -pro
1264 537 1523 585 tegumento

56 599 142 657 ῥ’)
171 600 347 644 habuit.
415 601 486 643 Ob
516 600 563 642 id
587 599 757 641 factum
775 598 939 642 Junoni
970 598 1072 640 odio
1098 614 1192 642 esse
1210 601 1376 656 coepit,
1408 601 1534 644 Leo--

91 686 290 728 nemque
306 671 479 714 coelesti
497 670 708 727 dignitate
725 677 790 711 est
812 670 1028 711 honorata
1048 668 1113 725 ²⁴).
1185 670 1347 727 Virgo,
1388 687 1526 728 quam

91 756 174 784 nos
191 740 411 784 ,Iustitiam
432 742 487 798 ²⁵)
507 741 716 794 dicimus,
759 739 844 783 fuit
874 755 976 782 cum
996 741 1278 793 homiuibus3
1310 743 1387 784 sed
1412 753 1527 800 post-

92 825 228 869 quam
246 812 451 854 homines
470 813 736 855 malefacere
757 819 1015 868 coeperunt,
1037 812 1158 854 Jovis
1181 827 1281 854 eam
1305 813 1424 856 inter
1444 816 1529 872 sig-

89 897 151 925 na
168 883 333 940 posuit.
391 883 525 935 Sunt,
566 883 642 940 qui
663 881 908 936 Erigonam
932 882 1009 938 ²⁶),
1050 883 1179 926 Icarii
1197 883 1335 925 filiam
1350 915 1362 937 ,
1393 884 1530 936 Athe-

87 953 291 997 niensem
315 954 484 1004 dicant,
513 954 639 1010 cujus
662 952 777 1009 patri
798 952 934 995 Liber
957 953 1111 1009 vinum
1133 954 1280 1008 dedit,
1311 962 1361 997 ut
1381 945 1540 1006 homi}

89 1024 222 1068 nibus
255 1026 311 1068 ad
342 1025 612 1068 suavitatem
653 1028 703 1077 ²⁷)
738 1024 876 1066 daret.
958 1025 1138 1082 Quibus
1171 1026 1315 1079 dedit,
1370 1027 1528 1070 ebriati

89 1103 213 1148 sunt,
253 1104 299 1138 et
327 1096 547 1154 lapidibus
580 1110 684 1138 eum
711 1095 973 1138 occiderunt
997 1099 1063 1150 ²⁸).
1124 1097 1278 1150 Canis,
1317 1098 1397 1153 qui
1420 1113 1526 1141 cum

90 1267 164 1299 Leo
185 1266 343 1310 Cleonae,
367 1276 476 1300 wenn
493 1278 530 1300 es
547 1266 643 1301 auch
672 1276 712 1300 so
732 1265 789 1298 oft
807 1265 864 1299 bei
888 1267 957 1300 den
975 1266 1161 1300 Dichtern
1182 1268 1335 1310 (Lucan.
1359 1269 1422 1310 IV,
1446 1275 1527 1308 612.

94 1323 285 1359 Claudiam
307 1323 348 1357 in
371 1322 462 1357 Ruf.
481 1324 512 1364 I,
537 1324 637 1367 287.)
667 1323 895 1358 vorkiimmt.
944 1323 1099 1357 Kleonae
1123 1324 1291 1358 niimlich
1319 1325 1382 1371 lag
1400 1326 1439 1359 in
1461 1326 1526 1360 der

88 1380 199 1415 Nahe
219 1392 292 1415 von
312 1381 452 1414 Nemea
476 1381 516 1414 in
540 1380 708 1425 Argolis,
739 1380 820 1414 und
853 1381 907 1415 als
929 1381 1104 1415 Herakles
1128 1381 1197 1415 den
1226 1382 1368 1416 Lowen
1397 1383 1527 1417 to'dten

88 1438 239 1478 welhe,
274 1439 367 1484 ging
384 1449 424 1471 er
447 1443 570 1471 zuerst
585 1437 683 1472 nach
703 1438 873 1473 Kleonae
893 1439 971 1473 und
995 1451 1067 1473 von
1087 1439 1168 1472 hier
1185 1439 1282 1473 nach
1304 1441 1457 1475 Nemea.

179 1496 245 1541 23)
267 1497 402 1542 Hygia.
426 1495 517 1530 Fab.
536 1500 592 1534 30.
613 1497 746 1539 „cujus
764 1497 897 1540 pellem
913 1508 983 1542 pro
1002 1502 1215 1542 tegumento
1234 1496 1400 1532 habuit.“
1446 1499 1528 1533 Da-

89 1552 157 1587 her
175 1559 259 1597 sagt
278 1553 380 1586 Ouid.
398 1553 492 1587 Met.
514 1553 580 1594 IX,
605 1558 684 1593 235.
733 1556 923 1588 Νεηιιιεωη
946 1554 1065 1587 vellus.

179 1609 246 1654 24)
269 1610 395 1654 Vei-gl.
416 1611 544 1643 Horat.
564 1610 684 1654 Epist.
706 1612 736 1651 Ι,
758 1617 814 1649 10.
838 1617 893 1650 16.
909 1630 953 1636 -
1003 1611 1210 1656 Uebrigens
1232 1623 1334 1646 muss
1354 1612 1528 1646 honorata

89 1674 145 1701 est
172 1665 227 1701 im
253 1666 480 1700 activischeu
494 1666 608 1700 Sinne
634 1677 860 1712 genommen
883 1667 1054 1708 werden,
1079 1668 1160 1701 fiir:
1187 1672 1383 1705 honoravit.
1421 1671 1528 1705 Auch

88 1723 204 1758 Solin.
232 1724 314 1766 VII,
336 1729 368 1762 1.
387 1722 454 1757 hat
481 1723 642 1757 dieselbe
673 1725 809 1765 Form;
844 1736 885 1758 so
915 1724 1031 1757 heisst
1058 1737 1095 1758 es
1123 1726 1183 1759 bei
1209 1728 1278 1762 Cic.
1299 1739 1368 1771 pro
1392 1729 1471 1762 Mil.
1493 1741 1526 1764 c.

87 1781 196 1815 XIII.
224 1781 376 1822 punitus
403 1786 460 1814 est
483 1780 693 1814 inimicum.
751 1783 891 1816 sueton.
923 1785 1016 1827 Aug.
1043 1794 1074 1816 c.
1102 1789 1160 1821 21.
1187 1784 1369 1818 multatus
1391 1792 1447 1819 est
1469 1797 1525 1820 re-

87 1838 293 1882 bellantes,
315 1837 457 1882 Apulej.
477 1843 558 1880 207,
585 1844 638 1878 17.
658 1838 790 1884 punita
814 1850 897 1872 sum
915 1839 1105 1873 funestum
1127 1842 1343 1884 nuptiarum
1358 1853 1527 1877 mearum

88 1895 331 1940 praedonem.
357 1895 481 1940 Vergl.
499 1897 620 1928 Burm.
642 1908 686 1930 zu
704 1897 833 1939 Vellei.
853 1898 903 1941 II,
916 1902 973 1936 97.
997 1899 1097 1941 Lips.
1119 1897 1165 1933 ad
1185 1898 1306 1934 Tacit.
1327 1903 1421 1936 Ann.
1441 1902 1470 1943 I,
1491 1906 1525 1940 5.

90 1963 129 1988 u.
151 1955 356 1987 Perizonius
375 1963 420 1986 zu
443 1954 564 1987 sanct.
584 1954 749 1987 Minero.
766 1954 840 1996 III,
870 1959 903 1992 2.
928 1959 959 1994 5.
986 1955 1104 1987 Duker
1124 1967 1168 1989 zu
1187 1955 1286 1991 Flor.
1306 1958 1372 2000 XI,
1396 1964 1449 1998 17.
1469 1965 1524 1998 11.

181 2009 246 2055 25)
268 2009 337 2044 Bei
367 2011 469 2045 ovid.
492 2010 609 2054 (Met.
639 2018 671 2054 1,
698 2012 795 2054 149.)
817 2010 932 2044 heisst
959 2012 1009 2046 sie
1035 2015 1208 2054 Astraea;
1233 2014 1294 2047 bei
1318 2015 1446 2047 Seneca
1472 2015 1525 2049 im

91 2067 224 2104 Octav.
242 2079 276 2102 ν.
293 2073 375 2107 422.
395 2067 529 2102 ebenso
542 2093 552 2111 ,
576 2068 637 2103 bei
656 2068 804 2102 Andern
830 2069 986 2114 Themis,
1012 2070 1103 2104 oder
1121 2072 1291 2115 Erigone,
1317 2070 1408 2104 oder
1425 2072 1525 2106 noch

89 2125 184 2159 Diloe
202 2127 364 2169 (He-eiad.
393 2124 492 2170 Opp.
519 2132 555 2159 et
573 2126 680 2162 Dier.
709 2137 743 2161 V.
762 2127 873 2169 254).
898 2127 934 2161 S.
954 2129 1085 2172 Ilygin.
1112 2128 1155 2161 P.
1175 2129 1221 2162 A.
1240 2129 1286 2169 Il,
1310 2132 1368 2166 25.
1386 2139 1420 2161 u.
1437 2129 1524 2164 Fab.

89 2188 177 2223 130:
201 2184 392 2229 „Erigone
419 2183 568 2227 signum
595 2183 771 2227 Veneris,
808 2195 921 2230 quam
950 2196 1017 2218 nos
1046 2186 1232 2218 Justiziam
1251 2186 1524 2230 appellamus.“

90 2240 217 2286 Vergl.
241 2243 270 2274 I.
301 2241 345 2275 G.
368 2241 532 2274 Gruber’e
551 2240 628 2276 und
650 2241 714 2276 das
742 2242 1161 2289 Nitzsch-Klopsersche
1182 2243 1434 2278 worterbuch
1458 2245 1525 2279 der

92 2297 191 2332 alten
206 2297 456 2343 Mythologie.

182 2354 249 2398 26)
270 2353 343 2389 Die
360 2355 475 2389 &ltere
495 2356 627 2391 Lesart
654 2369 730 2392 war
747 2358 946 2404 Erigonem,

183 2411 249 2455 27)
272 2412 437 2445 suavitas
463 2413 511 2447 ist
541 2413 624 2448 hier
650 2427 679 2450 s.
709 2428 743 2450 v.
775 2427 809 2450 a.
838 2418 956 2448 suauis
973 2424 1097 2460 potue,
1122 2417 1249 2453 vinum.
1298 2417 1365 2451 Bei
1389 2420 1522 2464 Hygin.

94 2467 182 2502 Fah.
200 2472 278 2506 130.
302 2467 351 2501 ist
367 2469 518 2505 ahnlieh
535 2479 683 2518 gesagt:
706 2485 817 2519 genus
834 2475 1042 2516 suavitatis,
1067 2475 1144 2508 und
1164 2475 1249 2509 Fab.
1265 2480 1345 2515 274.
1366 2479 1524 2509 suavita-

94 2533 165 2558 tem
191 2525 353 2558 invenire.
399 2528 506 2560 Liber
533 2540 610 2562 war
631 2529 797 2564 niimlich
823 2542 895 2564 von
913 2531 1050 2564 Ili-arios
1069 2531 1157 2566 sehr
1171 2532 1280 2578 gittig
1298 2533 1522 2577 ausgenom—

93 2593 180 2615 men
201 2581 374 2625 worden,
396 2583 473 2616 und
500 2596 563 2618 aus
581 2586 838 2621 Dankbarkeit
863 2587 1040 2622 schenkte
1060 2589 1139 2623 ihm
1168 2590 1318 2623 deshalb
1338 2590 1455 2624 Liber
1471 2591 1522 2625 ei-

93 2650 165 2673 nen
184 2638 371 2673 Schlauch
388 2641 515 2674 siissen
526 2642 713 2677 Getranks
728 2670 738 2686 ‚
765 2644 828 2679 das
848 2646 950 2688 jener
967 2647 1066 2680 noch
1083 2647 1191 2681 nicht
1212 2647 1361 2682 kannte.

181 2696 246 2741 28)
271 2698 402 2742 Hygia.
421 2699 510 2732 Pab.
540 2704 616 2739 130.
642 2703 836 2743 „Pastores
854 2703 948 2738 ebrii
964 2703 1056 2737 facti
1074 2704 1338 2745 conciderunt,·
1364 2705 1439 2750 qui,
1462 2717 1520 2738 ar-

93 2755 271 2790 bitrantes
292 2755 455 2791 Icarium
475 2757 546 2792 sibi
568 2758 711 2794 malum
732 2759 1049 2797 medicamentum
1067 2761 1230 2806 dedisse,
1256 2760 1415 2798 fustibus
1437 2774 1520 2797 eum
