1747 3120
105 172 170 201 XII

101 316 114 348 l
193 266 234 310 9)
259 266 339 302 vid.
375 266 539 301 Valesius
572 264 619 298 ad
653 262 835 298 Ammian.
861 265 885 297 1.
911 264 932 296 l.
962 264 1193 307 (iothosrulus
1220 277 1251 301 c.
1277 266 1299 299 1.
1333 265 1526 300 Tillcmone.
1569 257 1572 260 ‚

119 350 127 360 .
154 324 179 358 l,

189 396 253 441 10)
281 399 380 431 Orat.
406 401 462 436 30.

189 470 253 514 11)
277 470 330 504 Ad
355 470 564 503 Himerium
586 481 622 514 p.
650 475 730 509 236.

189 544 251 587 12)
277 544 319 586 V,
345 548 400 584 54-

770 659 864 715 §a

207 742 403 787 Firmius
421 743 609 788 iudicari
627 751 770 802 potest
791 743 846 785 de
865 741 1059 801 Ampelii
1078 741 1208 795 libro,
1239 742 1362 784 cuius
1382 741 1527 799 potio-

93 829 142 857 ra
153 814 242 857 iam
263 815 458 860 breviter
475 817 753 871 strictimque
768 814 1235 858 commemorabimus.
1266 814 1527 858 Inscribitur

93 884 238 928 Liber
266 886 577 938 Memoriales,
617 901 750 943 quem
781 886 963 929 titulum
983 886 1074 943 ipse
1098 895 1254 929 auctor
1272 887 1318 928 in
1342 885 1528 943 epistola

93 955 292 1013 praefixa
321 957 496 1015 probat.
563 957 785 1001 Dicuntur
810 965 960 1000 autem
987 957 1114 999 varie
1141 956 1206 998 illi
1235 957 1362 1012 libri,
1391 964 1528 1014 prout

93 1027 184 1070 fert
208 1028 335 1070 verbi
369 1029 435 1072 vis
465 1036 509 1072 et
535 1028 824 1085 significatiO,
863 1029 936 1070 vel
964 1037 1222 1084 temporum
1241 1029 1355 1071 ratio
1379 1027 1527 1070 homi-

92 1114 294 1155 numque
308 1115 413 1141 usus
435 1101 624 1142 invexit.
683 1101 869 1142 Possunt
888 1099 1008 1140 enim
1028 1114 1143 1149 esse,
1172 1107 1217 1140 et
1232 1107 1337 1140 sunt
1356 1114 1459 1141 vere
1479 1099 1527 1140 li-

92 1169 183 1222 bri,
212 1171 260 1213 in
281 1171 442 1225 quibus
462 1185 533 1212 res
554 1178 841 1218 enarrantur,
873 1183 1066 1225 quorum
1088 1170 1351 1211 memoriam
1375 1176 1526 1226 poste-

90 1241 213 1284 ritati
241 1241 441 1283 mandari
471 1249 515 1283 et
542 1242 716 1284 servari
742 1241 977 1293 volumus,
1008 1241 1157 1296 quales
1193 1240 1371 1282 brevius
1393 1241 1525 1282 etiam

90 1313 340 1356 memor-iiie
360 1312 470 1354 olim
493 1312 853 1369 appellabantur,
895 1311 961 1354 uti
983 1311 1208 1353 memoria
1244 1319 1373 1354 vetus
1405 1311 1522 1368 apud

94 1384 312 1428 Tacitum
336 1386 430 1434 ¹³),
470 1382 680 1427 Gellium
705 1384 772 1440 ¹⁴)
804 1391 847 1425 et
872 1385 960 1425 iam
994 1383 1114 1441 apud
1144 1383 1410 1425 Ciceronem
1436 1382 1522 1438 ¹⁵).

87 1456 145 1499 Et
161 1456 222 1497 sic
240 1455 468 1497 memoria
486 1455 610 1499 vitae
632 1456 678 1496 in
698 1454 913 1496 Suetonio
941 1455 1028 1506 ¹⁶).
1068 1455 1238 1497 Eodem
1257 1470 1363 1496 vero
1386 1454 1520 1495 etiam

87 1541 221 1569 sensu
252 1526 460 1568 dicuntur
479 1526 589 1570 libri
611 1527 925 1578 memoriales,
957 1526 1107 1582 quales
1125 1525 1349 1581 scripsisse
1369 1529 1521 1570 Masa-

87 1598 208 1641 riam
228 1597 452 1642 Sabinam
468 1607 640 1642 constat
661 1614 715 1640 ex
735 1598 878 1641 Gellio
900 1603 913 1623 ¹
927 1602 964 1647 ⁷)
978 1630 990 1651 ‚
1020 1597 1095 1653 qui
1117 1597 1360 1652 antiquiori
1382 1597 1520 1638 nomi-

86 1684 144 1712 ne
163 1678 267 1712 sunt
282 1671 605 1723 commentarii,
636 1669 771 1712 veluti
790 1669 890 1711 Iulii
908 1669 1106 1711 Caesaris
1128 1670 1181 1710 de
1191 1669 1312 1710 Bello
1333 1668 1520 1720 Gallico,

86 1741 269 1785 Graecis
311 1739 738 1798 ἀπομνημονεύματα
749 1774 764 1793 ,
809 1739 958 1796 qualia
994 1747 1095 1782 sunt
1122 1738 1432 1796 Xenophontis
1465 1740 1520 1782 de

85 1815 280 1858 Socrate.
350 1806 454 1855 Post
479 1829 587 1855 vero
622 1829 777 1856 omnes
803 1811 989 1854 omnino
1005 1810 1106 1853 libri
1128 1810 1210 1852 hac
1228 1811 1519 1868 appellatione

85 1886 492 1942 insigniuntur,qui
516 1885 756 1927 memoriae
778 1883 1059 1926 adiuvandae
1081 1889 1125 1923 et
1142 1881 1389 1924 firmandae
1410 1898 1518 1924 cau-

85 1973 134 2000 sa
161 1956 320 2000 confici
346 1957 572 2008 solebant,
620 1963 665 1997 et
691 1972 716 1996 a
743 1954 956 1997 Suetonio
986 1957 1052 2004 ¹8)
1085 1961 1410 1997 memorantur.
1467 1955 1517 1997 In

87 2028 323 2072 Glossariis
343 2028 526 2070 Graecis
543 2025 828 2083 μνημόσυνον
849 2026 1094 2084 explicatur
1116 2025 1516 2077 memorabile‚seu

86 2100 234 2159 potius
270 2099 559 2151 memoriale,
599 2099 667 2140 uti
703 2098 942 2154 legendum
978 2104 1127 2139 censet
1163 2096 1399 2139 Martinius
1433 2100 1515 2145 ¹⁹).

86 2174 202 2214 Sunt
228 2179 380 2213 autem
411 2171 632 2214 eiusmodi
656 2169 760 2212 libri
780 2171 891 2212 varii
914 2167 1179 2223 argumenti,
1208 2167 1400 2216 consilii,
1430 2168 1514 2210 ho-

84 2243 262 2285 minum
284 2244 512 2285 variorum
537 2251 579 2285 et
599 2259 769 2295 rerum,
799 2256 910 2297 quae
930 2239 1024 2281 aliis
1044 2238 1313 2290 scribuntur,
1338 2247 1387 2281 ut
1406 2255 1514 2282 con-

83 2323 262 2357 servent
289 2315 530 2368 memoria,
574 2313 891 2369 commodeque
916 2317 1117 2368 repetere
1137 2317 1181 2350 et
1197 2324 1413 2352 revocare
1429 2326 1515 2367 op·-

84 2393 277 2442 portune
294 2387 473 2441 possint.
530 2385 824 2442 Multiplioem
846 2398 1002 2426 eorum
1020 2397 1151 2424 usum
1172 2381 1347 2439 prolixe
1370 2383 1515 2438 expli-

83 2465 152 2499 cat
169 2457 251 2500 Du
262 2458 431 2501 Fresne
447 2461 529 2508 20),
550 2457 773 2512 simulque
790 2456 932 2508 docet,
963 2453 1255 2496 memoriales
1276 2453 1512 2496 membra-

83 2545 166 2571 nas
197 2529 328 2571 etiam
358 2529 442 2572 dici
478 2545 532 2571 ex
550 2529 841 2585 inscriptione
863 2526 1036 2569 Codicis
1059 2525 1253 2568 Carolini
1274 2525 1370 2568 MS.
1393 2526 1511 2580 apud

83 2600 399 2644 Lambeckium
424 2605 505 2651 2¹).
556 2603 696 2644 Erant
715 2598 846 2640 etiam
869 2597 1022 2639 eadem
1044 2596 1097 2638 de
1118 2610 1248 2637 causa
1271 2594 1510 2635 memoria-

84 2674 150 2714 les
173 2673 291 2715 inter
314 2673 512 2716 Palatina
529 2675 689 2723 officia,
721 2670 796 2725 qui
818 2670 861 2710 in
884 2667 1054 2710 scriniis
1075 2666 1330 2718 memoriae,
1351 2664 1508 2721 episto-

83 2746 251 2797 larum,
281 2745 533 2789 libellorum
559 2755 875 2797 sacrarumque
898 2738 1230 2796 dispositionum
1252 2736 1508 2778 resereban-
