1699 3136
80 167 163 208 134
317 173 365 203 L.
392 171 658 204 AMPELII
689 169 860 199 LIBRI
890 170 1279 200 mnmonrALls

81 263 338 307 Cunctator:
386 261 465 318 qui
503 260 814 302 imminentem
853 259 976 301 urbis
1015 259 1188 301 excidio
1215 259 1515 316 Hannibalem·

80 350 208 377 mora
234 333 368 389 fregit
393 332 471 386 ¹⁶).
531 331 790 375 Marcellus:
821 330 895 387 qui
924 330 1094 387 primus
1125 331 1363 374 Hannibali
1391 331 1514 389 apud

77 405 236 449 Nolam
261 406 314 457 ¹⁷)
347 403 528 455 restitit,
592 410 637 444 et
675 401 929 445 inclinatam
969 402 1063 458 ejus
1103 401 1241 443 aciem
1280 416 1423 458 paene
1454 403 1511 458 ³⁸)

79 475 190 518 ictus
229 474 459 519 cruciavit.
520 474 728 516 Claudius
761 476 811 529 ¹9)
849 474 994 517 Nero:
1057 471 1133 528 qui
1174 471 1425 514 venientem
1458 472 1513 515 ab

80 546 294 603 Hispania
315 545 636 588 Hasdrubalem
658 560 759 588 cum
788 543 1036 601 ingentibus
1063 542 1220 599 copiis,
1251 542 1516 600 priusquam

79 632 127 658 se
153 617 394 660 Hannibali
426 618 650 673 jungeret,
687 615 885 672 excepit,
929 621 972 656 et
999 613 1166 668 ingenti
1193 614 1365 671 proelio
1396 614 1516 656 vicit.

80 688 289 731 Tertium
316 689 536 732 Punicum
566 687 734 729 bellum
763 685 943 742 majoris
969 684 1161 741 gloriae,
1205 699 1339 740 quam
1368 684 1517 742 operis

81 758 183 802 fuit.
241 759 379 808 Nam,
415 759 600 802 Manilio
627 759 835 810 Consule,
865 757 1124 799 inchoatum
1158 756 1384 798 excidium
1406 757 1518 799 Car-

80 829 292 886 thaginis,
333 830 480 889 Scipio
512 830 785 874 Aemilianus
812 827 1140 872 consummavit
1167 827 1250 879 ²0):
1293 843 1384 869 una
1416 842 1519 869 cum

83 901 280 958 Tigrane
303 901 359 955 ²¹)
392 918 495 944 cum
533 902 711 944 incensa
747 900 1015 956 Carthagine
1050 899 1181 940 totius
1221 898 1396 941 Africae
1435 913 1521 939 ur-

84 972 160 1014 bes
181 973 243 1026 22)
274 974 321 1015 in
344 981 610 1031 perpetuum
637 972 867 1030 repressit,
898 970 1014 1027 quod
1040 977 1197 1011 contra
1217 969 1411 1012 foederis
1437 984 1521 1025 pa·-

83 1044 274 1086 ctionem
298 1044 680 1100 Carthaginienses
700 1050 974 1101 reparassent
997 1041 1175 1092 classes,
1207 1047 1250 1082 et
1269 1056 1395 1083 arma
1415 1039 1520 1081 fini-

84 1113 204 1156 timis
231 1115 494 1157 intulissent.

177 1359 240 1403 16)
267 1359 359 1395 Flor.
375 1359 435 1403 II,
461 1365 503 1403 6,
528 1364 584 1397 28.
610 1363 700 1402 „ut‚
726 1358 791 1405 qui
809 1357 1024 1403 (Hannibal)
1047 1356 1172 1402 frangi
1193 1356 1328 1390 virtute
1347 1366 1422 1388 non
1444 1360 1525 1399 pot-

85 1422 182 1459 erat,
208 1429 317 1451 mora
337 1415 696 1451 eon1minueretur,‘<

178 1475 241 1519 17)
266 1476 302 1509 S·
322 1475 400 1508 Liv·
419 1478 485 1518 23,
509 1480 564 1513 16.
591 1476 633 1506 A.
656 1474 701 1509 U.
721 1478 800 1514 536.
848 1473 922 1508 Die
948 1473 1056 1507 stadt
1079 1472 1187 1506 ftihrt
1207 1469 1305 1504 noch
1325 1465 1526 1502 denselben

86 1532 242 1565 Namen.

180 1588 243 1632 18)
267 1589 435 1622 Heinsius
462 1584 638 1626 conjicirt
666 1582 774 1616 nicht
798 1582 895 1616 ohne
923 1582 1080 1616 Beifall:
1113 1583 1272 1627 penitus,
1307 1580 1386 1615 und
1410 1581 1528 1614 Duker·

87 1649 178 1679 statt
199 1645 371 1677 cruciavit
391 1641 594 1676 trucidavit
614 1639 703 1673 oder
721 1641 933 1684 prostravit,
961 1639 1029 1672 wie
1054 1653 1131 1684 cap.
1155 1645 1212 1678 42.
1261 1638 1333 1672 Die
1353 1639 1529 1671 Lateiner

87 1713 201 1747 sagen
224 1703 386 1745 caedere,
412 1698 608 1742 interficere
627 1698 830 1731 exercitum.
864 1698 1012 1741 Eutrop.
1034 1697 1113 1738 ΙΙΙ,
1141 1702 1195 1735 12.
1217 1696 1277 1740 (7.)
1303 1702 1403 1740 sagt:
1428 1695 1528 1740 apud

87 1760 227 1794 Nolam
251 1759 344 1792 bene
363 1756 545 1803 pugnavit
569 1757 623 1794 (A.
650 1756 694 1789 U.
716 1759 823 1794 536.).
848 1756 927 1788 Liv.
945 1758 1012 1797 23,
1041 1761 1093 1793 16.
1120 1760 1223 1798 sagt,
1251 1753 1332 1787 dass
1360 1753 1529 1787 Marcel-

87 1818 146 1851 lus
167 1816 284 1851 durch
305 1815 403 1848 diese
422 1804 604 1849 Schlacht
623 1811 695 1844 viel
714 1817 859 1856 gewagt
875 1811 990 1852 habe,
1015 1811 1130 1856 „quia
1149 1823 1225 1844 non
1244 1811 1344 1844 vinci
1367 1811 1413 1844 ab
1435 1813 1529 1844 Han-

88 1876 212 1910 nibale
227 1881 318 1908 tunc
337 1872 574 1908 vincentibus
596 1870 785 1903 difficilius
803 1870 895 1910 fuit,
921 1880 1032 1915 quam
1050 1875 1181 1914 postea
1203 1869 1390 1902 vincere.“

182 1934 245 1975 19)
270 1933 306 1966 S.
335 1944 410 1977 cap,
430 1936 488 1970 36,

182 2003 246 2047 20)
271 2002 342 2035 Die
364 1998 571 2045 folgenden
593 1996 781 2038 Consuln,
807 1995 1031 2041 Calpurnius
1053 1995 1138 2028 Piso
1167 1995 1245 2028 und
1264 1996 1306 2028 L.
1327 1994 1530 2028 Mancinus

92 2061 224 2094 hatten
250 2057 441 2101 Carthago
463 2055 578 2088 selbst
599 2053 699 2087 noch
724 2052 830 2086 nicht
860 2053 1106 2097 angegriffen.
1133 2052 1169 2086 S.
1192 2055 1339 2098 Appiun.
1371 2052 1416 2085 de
1436 2053 1529 2094 Reb,

92 2121 188 2152 Pun·
215 2130 247 2157 c.
272 2123 348 2156 110.
395 2112 471 2148 Die
495 2113 636 2145 Remer
661 2111 857 2156 glaubten‚
884 2110 967 2145 dass
985 2122 1058 2145 nur
1077 2111 1203 2157 Scipio
1227 2109 1324 2144 diese
1344 2111 1531 2143 zerst6ren

92 2177 228 2210 konne.
279 2171 435 2208 Derselb.
461 2183 493 2207 a.
519 2182 551 2204 a.
580 2170 626 2207 O.
652 2181 685 2206 c.
705 2174 784 2210 109·

183 2234 247 2278 21)
272 2233 307 2266 S.
331 2243 376 2268 zu
404 2232 488 2275 Cap.
511 2234 568 2268 32.

186 2302 249 2345 22)
274 2300 441 2333 Heinsius
460 2297 537 2331 will
552 2297 672 2331 lesen:
697 2296 799 2331 vires.
823 2314 866 2320 —
906 2294 1115 2339 Uebrigens
1138 2294 1213 2338 vgl.
1232 2293 1294 2327 fib.
1320 2292 1390 2326 den
1415 2291 1530 2327 zweit.

94 2359 266 2406 punisch.
289 2356 401 2400 Krieg
424 2358 489 2389 Dr.
518 2359 554 2389 C.
581 2357 620 2387 F.
642 2352 874 2387 Dahlmann’e
892 2351 1155 2396 Forschungen
1174 2352 1239 2385 auf
1261 2351 1344 2384 dem
1373 2349 1533 2383 Gebiete

96 2420 132 2454 d.
158 2415 384 2451 Geschichte
410 2413 581 2456 (Altona,
609 2416 709 2450 1822.
730 2411 779 2453 8.)
806 2411 854 2446 ΙΙ.
872 2409 980 2444 Bdes.
1005 2409 1052 2443 II.
1073 2409 1184 2443 Abth.
1204 2427 1251 2434 --
1275 2409 1366 2442 Ueb.
1390 2408 1533 2441 Hanni-

95 2476 188 2510 bal’s
210 2474 430 2516 Uebergang
449 2471 542 2505 iiber
560 2470 619 2502 die
637 2469 754 2513 Alpen
771 2469 845 2513 vgl.
871 2467 971 2501 noch
993 2477 1118 2500 ausser
1139 2467 1210 2500 den
1230 2466 1348 2500 sehon
1366 2476 1533 2510 genaun-

96 2540 159 2567 ten
187 2533 245 2565 die
263 2530 368 2565 Schr.
405 2531 479 2562 Der
499 2532 656 2572 Heerzug
674 2527 889 2559 Ilannibal's
909 2527 965 2560 iib.
988 2526 1043 2557 die
1062 2523 1189 2568 Alpen.
1228 2524 1332 2558 ΝαοῘι
1352 2526 1386 2558 (l.
1405 2529 1531 2556 neuesl.

105 2591 411 2634 L'ntersuchungen
432 2585 638 2633 dargestellt
660 2598 688 2620 v.
712 2588 753 2620 L.
778 2586 818 2621 Ε.
844 2585 996 2618 Zander.
1022 2581 1158 2616 Hamb.
1179 2585 1279 2621 1823.
1303 2586 1336 2622 4.
