1747 3120
1482 180 1571 210 xln

144 300 239 345 tur,
273 288 343 332 uti
370 294 435 331 est
460 285 508 329 in
529 285 692 329 Codice
716 280 942 327 Iustiniani
966 281 1056 333 Μ),
1087 276 1364 335 omninoque
1385 273 1572 318 cuiusli-

143 364 219 405 bet
240 359 391 405 scrinii
409 359 574 416 scripta
593 353 967 412 exsequebantur,
978 359 1021 395 et
1036 350 1162 409 quasi
1181 349 1423 407 scriptores
1434 353 1575 395 erant,

145 434 200 476 de
223 432 384 490 quibus
412 428 618 472 disseruit
649 425 897 470 Gutherius
927 424 1015 477 2³).
1085 422 1259 467 Scrinia
1286 428 1432 464 autem
1454 416 1575 459 illius

143 501 362 561 temporis
380 515 514 542 sensu
535 498 666 541 loculi
684 503 789 540 sunt
804 528 817 550 ,
843 495 892 537 in
915 494 1077 551 quibus
1099 503 1195 537 acta
1213 492 1489 552 principum,
1517 488 1576 530 li-

143 574 250 617 belli
278 579 322 614 et
355 568 667 627 commentarii·
691 568 998 616 adservantur,
1041 573 1085 613 et
1116 580 1203 622 quo
1229 564 1414 608 nomine
1443 560 1578 618 paulo

147 652 249 686 ante
275 640 521 684 memoriae
538 637 908 682 numerabantur.
967 637 1053 679 Hic
1072 644 1225 679 autem
1246 634 1443 694 Ampelii
1462 632 1579 675 liber

145 711 451 765 memorialis,
480 711 604 751 cuius
622 723 753 751 causa
781 708 856 750 illa
881 708 1103 767 disputata
1131 714 1258 761 sunt,
1287 704 1486 750 collectio
1514 711 1580 745 est

144 785 369 826 variarum
393 795 546 825 rerum
564 788 657 822 toto
681 779 791 821 orbe
812 778 1169 822 memorabilium
1191 794 1247 822 ex
1264 777 1399 821 variis
1421 784 1579 819 aucto-

141 853 263 897 ribus
283 852 544 909 compilata,
572 851 923 907 summatimque
951 849 1160 894 classibus
1189 849 1281 892 suis
1301 857 1345 892 et
1362 849 1469 893 locis
1498 847 1581 890 de-

141 924 327 982 scripta,
365 930 418 965 ut
436 923 562 979 quasi
591 936 684 964 uno
711 930 947 979 conspectu
980 909 1199 978 brevique
1235 920 1384 978 imago
1424 932 1580 965 rerum

142 994 400 1037 coelestium
419 992 788 1049 terrestriumque
806 1000 1035 1035 contracta
1055 991 1216 1035 mentis
1236 990 1372 1034 oculis
1387 987 1582 1037 subiice-

140 1074 268 1108 retur
288 1065 560 1120 celeriusque
580 1063 1052 1120 comprehenderetur.
1107 1063 1207 1106 Mos
1228 1063 1396 1120 quippe
1414 1060 1502 1104 fuit
1517 1074 1589 1106 sea

142 1137 230 1180 culi
251 1136 383 1185 illius,
415 1149 558 1191 prono
581 1147 717 1173 cursu
739 1133 795 1173 ad
816 1133 1067 1177 barbariem
1087 1133 1280 1183 ruentis,
1309 1132 1580 1183 hominibus,

141 1208 217 1264 qui
241 1206 312 1248 vel
336 1205 419 1262 ipsi
443 1202 566 1245 libris
589 1202 809 1244 continuis
831 1203 1276 1260 scribendisimpares
1292 1205 1578 1254 sesentirent,

139 1285 218 1318 aut
248 1276 440 1318 aliorum
473 1273 606 1313 inerti
633 1272 862 1315 socordiae
893 1275 1062 1316 utiliter
1098 1275 1328 1318 consulere
1347 1284 1579 1334 cuperent,

139 1346 186 1387 in
206 1345 452 1388 liberorum
474 1342 605 1384 etiam
622 1357 824 1396 suorum,
857 1345 1001 1387 veluti
1025 1343 1227 1394 Gellius,
1258 1352 1302 1387 et
1316 1343 1580 1388 ,Macrobius

140 1416 369 1467 fecerunt,
400 1414 588 1472 gratiam
611 1412 748 1469 magis
773 1411 949 1468 quidem
973 1422 1077 1472 apto
1099 1415 1411 1473 probabilique
1432 1415 1581 1457 consi-

139 1487 199 1529 lio
219 1518 232 1536 ‚
261 1486 455 1529 aliorum
481 1483 616 1527 libros
647 1484 703 1526 ad
734 1483 1051 1539 compendium
1078 1492 1121 1528 et
1148 1501 1345 1529 summas
1363 1486 1580 1543 redigere,

139 1557 258 1599 unde
288 1557 532 1600 multorum
560 1562 796 1598 auctorum
825 1555 997 1597 iactura
1032 1567 1269 1601 consecuta
1299 1566 1386 1610 est,
1425 1559 1500 1602 vel
1527 1571 1583 1600 ex

139 1628 374 1686 multiplici
393 1627 612 1669 librorum
634 1626 924 1682 antiquorum
944 1627 1138 1670 lectione
1158 1635 1333 1686 potiora
1351 1630 1581 1687 conquire-

138 1713 214 1751 re,
253 1705 297 1741 'et
326 1713 409 1755 per
435 1697 603 1740 indices
632 1704 676 1739 et
706 1697 911 1739 membra
938 1698 1177 1753 quaedam,
1202 1699 1390 1756 digesta,
1425 1702 1583 1744 ordine

138 1770 424 1826 breviterque
441 1782 690 1810 recensere.
749 1768 979 1811 Eiusmodi
998 1768 1134 1811 libros
1153 1771 1321 1813 multos
1343 1771 1490 1815 Gellii
1508 1787 1583 1815 ae-

139 1849 242 1894 tate,
271 1840 395 1883 miris
416 1839 586 1896 aliquos
619 1837 757 1881 titulis
786 1838 1041 1895 insignitos,
1071 1838 1230 1895 fuisse,
1273 1843 1397 1886 docet
1417 1844 1510 1901 ipse
1532 1845 1581 1887 in

138 1911 430 1971 praefatione.
508 1912 577 1953 De
608 1918 798 1966 utroque
838 1908 1018 1951 illorum
1056 1924 1221 1967 genere
1257 1912 1504 1971 disputavit
1539 1924 1582 1958 et

80 1994 83 1995 ’
140 1984 348 2040 exempla
376 1982 522 2039 posuit
546 1979 804 2025 Salmasius
824 1980 872 2023 in
892 1981 1176 2024 praefatione
1192 1983 1368 2039 primae
1385 1985 1578 2044 Ampelii

141 2054 324 2096 editioni
348 2053 569 2110 praefixa,
599 2060 723 2109 post,
752 2052 879 2095 varie
899 2052 1053 2102 etiam,
1083 2056 1286 2112 repetita.
1345 2058 1414 2100 Ex
1437 2068 1579 2116 poste-

141 2125 247 2167 riori
278 2139 439 2181 genere
462 2123 582 2165 hunc
604 2139 695 2165 esse
715 2123 906 2181 Ampelii
923 2124 1152 2180 libellum,
1184 2136 1229 2170 et
1245 2127 1342 2185 ipse
1362 2139 1514 2174 monet
1530 2131 1576 2173 in

140 2195 440 2247 dedicatione,
471 2203 514 2236 et
534 2196 727 2238 declarat
746 2195 841 2250 ipsa
861 2195 954 2238 eius
980 2196 1127 2239 lectio.

229 2336 291 2381 13)
316 2336 449 2368 Annal.
478 2335 540 2378 VI,
564 2341 621 2375 28.

228 2396 292 2441 14)
317 2398 362 2429 Ν.
386 2399 433 2433 A.
458 2398 518 2437 lv,
544 2404 576 2436 6.
603 2397 655 2431 in.
682 2403 734 2438 12.

230 2455 292 2500 15)
321 2458 466 2492 Orator.
493 2468 524 2491 C.
550 2463 606 2497 34.

230 2515 292 2560 16)
320 2519 396 2550 Vir.
424 2518 565 2551 Claudii
589 2530 622 2554 c.
647 2519 676 2555 1.
701 2538 734 2545 -
761 2517 840 2552 Cfr.
867 2519 1005 2552 Ernesti
1027 2524 1064 2553 et
1091 2521 1300 2568 Oudendorp
1326 2522 1371 2558 ad
1397 2523 1553 2563 Sneton.

141 2571 232 2616 Aug.
258 2583 289 2605 c.
313 2577 369 2610 79.

230 2630 293 2675 17)
316 2632 380 2667 IV.
404 2638 460 2672 20.
486 2634 529 2673 V,
554 2641 586 2674 6.
612 2636 673 2678 VI,
699 2642 733 2675 7.
759 2654 802 2662 --

231 2691 295 2736 18)
322 2692 386 2728 lul.
417 2694 514 2728 Caes.
541 2705 572 2729 c.
598 2702 653 2736 56.
678 2714 724 2721 ··—

230 2754 293 2799 19)
317 2754 362 2788 In
388 2756 475 2789 Lex.
500 2754 672 2801 Philolog.
697 2767 726 2790 s.
751 2767 784 2790 v.
809 2758 1008 2792 memoriale
1033 2758 1076 2792 Τ.
1102 2759 1131 2792 1.
1158 2770 1194 2804 p.
1217 2764 1297 2801 307.
